ts_ns,bid,ask,bid_sz,ask_sz,mid,spread,microprice
1756090800250000000,113231.57,,0.00584,,113231.57,,
1756090800300000000,113231.57,,0.00584,,113231.57,,
1756090800350000000,113231.58,,0.01752,,113231.58,,
1756090800400000000,113231.58,,0.01752,,113231.58,,
1756090800450000000,113231.58,113452.08,0.01752,0.00028,113341.83,220.5,113448.611461
1756090800500000000,113231.58,113452.08,0.01752,0.00028,113341.83,220.5,113448.611461
1756090800550000000,113231.58,113452.08,0.01752,0.00028,113341.83,220.5,113448.611461
1756090800600000000,113231.58,113452.08,0.01752,0.00028,113341.83,220.5,113448.611461
1756090800650000000,113231.58,113452.08,0.01752,0.00028,113341.83,220.5,113448.611461
1756090800700000000,113231.58,113452.08,0.01752,0.00028,113341.83,220.5,113448.611461
1756090800750000000,113231.58,113452.08,0.01752,0.00028,113341.83,220.5,113448.611461
1756090800800000000,113231.58,113452.08,0.01752,0.00028,113341.83,220.5,113448.611461
1756090800850000000,113231.58,113452.08,0.01752,0.00028,113341.83,220.5,113448.611461
1756090800900000000,113231.58,113452.08,0.01752,0.00028,113341.83,220.5,113448.611461
1756090800950000000,113231.58,113452.08,0.01752,0.00028,113341.83,220.5,113448.611461
1756090801000000000,113231.58,113452.08,0.01752,0.00028,113341.83,220.5,113448.611461
1756090801050000000,113231.58,113452.08,0.01752,0.00028,113341.83,220.5,113448.611461
1756090801100000000,113231.58,113452.08,0.01752,0.00028,113341.83,220.5,113448.611461
1756090801150000000,113231.58,113452.08,0.01752,0.00028,113341.83,220.5,113448.611461
1756090801200000000,113231.58,113452.08,0.01752,0.00028,113341.83,220.5,113448.611461
1756090801250000000,113231.58,113452.08,0.01752,0.00028,113341.83,220.5,113448.611461
1756090801300000000,113231.58,113452.08,0.01752,0.00028,113341.83,220.5,113448.611461
1756090801350000000,113231.58,113452.08,0.01752,0.00028,113341.83,220.5,113448.611461
1756090801400000000,113231.58,113452.08,0.01752,0.00028,113341.83,220.5,113448.611461
1756090801450000000,113231.58,113452.08,0.01752,0.00028,113341.83,220.5,113448.611461
1756090801500000000,113231.58,113452.08,0.01752,0.00028,113341.83,220.5,113448.611461
1756090801550000000,113231.58,113452.08,0.01752,0.00028,113341.83,220.5,113448.611461
1756090801600000000,113231.58,113452.08,0.01752,0.00028,113341.83,220.5,113448.611461
1756090801650000000,113231.58,113452.08,0.01752,0.00028,113341.83,220.5,113448.611461
1756090801700000000,113231.58,113452.08,0.01752,0.00028,113341.83,220.5,113448.611461
1756090801750000000,113231.58,113452.08,0.01752,0.00028,113341.83,220.5,113448.611461
1756090801800000000,113231.58,113452.08,0.01752,0.00028,113341.83,220.5,113448.611461
1756090801850000000,113231.59,113452.08,0.02,0.00028,113341.835,220.49,113449.035759
1756090801900000000,113231.59,113452.08,0.02,0.00028,113341.835,220.49,113449.035759
1756090801950000000,113231.6,113452.08,0.01752,0.00028,113341.84,220.48,113448.611775
1756090802000000000,113231.6,113452.08,0.01752,0.00028,113341.84,220.48,113448.611775
1756090802050000000,113231.6,113452.08,0.01752,0.00028,113341.84,220.48,113448.611775
1756090802100000000,113231.6,113452.08,0.01752,0.00028,113341.84,220.48,113448.611775
1756090802150000000,113231.6,113452.08,0.01752,0.00028,113341.84,220.48,113448.611775
1756090802200000000,113231.6,113452.08,0.01752,0.00028,113341.84,220.48,113448.611775
1756090802250000000,113231.6,113452.07,0.01752,0.34373,113341.835,220.47,113242.292414
1756090802300000000,113231.6,113452.07,0.01752,0.34373,113341.835,220.47,113242.292414
1756090802350000000,113231.6,113452.06,0.01752,0.59379,113341.83,220.46,113237.918331
1756090802400000000,113231.6,113452.06,0.01752,0.59379,113341.83,220.46,113237.918331
1756090802450000000,113231.58,113452.06,0.01752,0.59379,113341.82,220.48,113237.898905
1756090802500000000,113231.58,113452.06,0.01752,0.59379,113341.82,220.48,113237.898905
1756090802550000000,113231.58,113452.06,0.01752,0.59379,113341.82,220.48,113237.898905
1756090802600000000,113231.58,113452.06,0.01752,0.59379,113341.82,220.48,113237.898905
1756090802650000000,113231.58,113452.06,0.01752,0.59379,113341.82,220.48,113237.898905
1756090802700000000,113231.58,113452.06,0.01752,0.59379,113341.82,220.48,113237.898905
1756090802750000000,113231.59,113452.06,0.00043,0.59379,113341.825,220.47,113231.74954
1756090802800000000,113231.59,113452.06,0.00043,0.59379,113341.825,220.47,113231.74954
1756090802850000000,113231.59,113452.04,0.00043,0.21741,113341.815,220.45,113232.025152
1756090802900000000,113231.59,113452.04,0.00043,0.21741,113341.815,220.45,113232.025152
1756090802950000000,113231.59,113452.03,0.00043,0.691,113341.81,220.44,113231.727092
1756090803000000000,113231.59,113452.03,0.00043,0.691,113341.81,220.44,113231.727092
1756090803050000000,113231.59,113452.03,0.00043,0.691,113341.81,220.44,113231.727092
1756090803100000000,113231.59,113452.03,0.00043,0.691,113341.81,220.44,113231.727092
1756090803150000000,113231.59,113452.03,0.00043,0.691,113341.81,220.44,113231.727092
1756090803200000000,113231.59,113452.03,0.00043,0.691,113341.81,220.44,113231.727092
1756090803250000000,113231.59,113452.03,0.00043,0.691,113341.81,220.44,113231.727092
1756090803300000000,113231.59,113452.03,0.00043,0.691,113341.81,220.44,113231.727092
1756090803350000000,113231.59,113452.03,0.00043,0.691,113341.81,220.44,113231.727092
1756090803400000000,113231.59,113452.03,0.00043,0.691,113341.81,220.44,113231.727092
1756090803450000000,113231.59,113452.03,0.00043,0.691,113341.81,220.44,113231.727092
1756090803500000000,113231.59,113452.03,0.00043,0.691,113341.81,220.44,113231.727092
1756090803550000000,113231.59,113452.03,0.00043,0.691,113341.81,220.44,113231.727092
1756090803600000000,113231.59,113452.03,0.00043,0.691,113341.81,220.44,113231.727092
1756090803650000000,113231.59,113452.03,0.00043,0.691,113341.81,220.44,113231.727092
1756090803700000000,113231.59,113452.03,0.00043,0.691,113341.81,220.44,113231.727092
1756090803750000000,113231.59,113452.03,0.00043,0.691,113341.81,220.44,113231.727092
1756090803800000000,113231.59,113452.03,0.00043,0.691,113341.81,220.44,113231.727092
1756090803850000000,113231.59,113452.02,0.00043,0.04634,113341.805,220.43,113233.616617
1756090803900000000,113231.59,113452.02,0.00043,0.04634,113341.805,220.43,113233.616617
1756090803950000000,113231.59,113452.01,0.00043,0.59379,113341.8,220.42,113231.749504
1756090804000000000,113231.59,113452.01,0.00043,0.59379,113341.8,220.42,113231.749504
1756090804050000000,113231.59,113452.01,0.00043,0.59379,113341.8,220.42,113231.749504
1756090804100000000,113231.59,113452.01,0.00043,0.59379,113341.8,220.42,113231.749504
1756090804150000000,113231.59,113452,0.00043,0.00028,113341.795,220.41,113365.077746
1756090804200000000,113231.59,113452,0.00043,0.00028,113341.795,220.41,113365.077746
1756090804250000000,113231.59,113452,0.00043,0.00028,113341.795,220.41,113365.077746
1756090804300000000,113231.59,113452,0.00043,0.00028,113341.795,220.41,113365.077746
1756090804350000000,113231.59,113452,0.00043,0.00028,113341.795,220.41,113365.077746
1756090804400000000,113231.59,113452,0.00043,0.00028,113341.795,220.41,113365.077746
1756090804450000000,113231.59,113452,0.00043,0.00028,113341.795,220.41,113365.077746
1756090804500000000,113231.59,113452,0.00043,0.00028,113341.795,220.41,113365.077746
1756090804550000000,113231.59,113452,0.00043,0.00028,113341.795,220.41,113365.077746
1756090804600000000,113231.59,113452,0.00043,0.00028,113341.795,220.41,113365.077746
1756090804650000000,113231.59,113452,0.00043,0.00028,113341.795,220.41,113365.077746
1756090804700000000,113231.59,113452,0.00043,0.00028,113341.795,220.41,113365.077746
1756090804750000000,113231.59,113452,0.00043,0.00028,113341.795,220.41,113365.077746
1756090804800000000,113231.59,113452,0.00043,0.00028,113341.795,220.41,113365.077746
1756090804850000000,113231.59,113452,0.00043,0.00028,113341.795,220.41,113365.077746
1756090804900000000,113231.59,113452,0.00043,0.00028,113341.795,220.41,113365.077746
1756090804950000000,113231.59,113452,0.00043,0.00028,113341.795,220.41,113365.077746
1756090805000000000,113231.59,113452,0.00043,0.00028,113341.795,220.41,113365.077746
1756090805050000000,113231.59,113452,0.00043,0.00028,113341.795,220.41,113365.077746
1756090805100000000,113231.59,113452,0.00043,0.00028,113341.795,220.41,113365.077746
1756090805150000000,113231.59,113452,0.00043,0.00028,113341.795,220.41,113365.077746
1756090805200000000,113231.59,113452,0.00043,0.00028,113341.795,220.41,113365.077746
1756090805250000000,113231.59,113452,0.00781,0.00028,113341.795,220.41,113444.371471
1756090805300000000,113231.59,113452,0.00781,0.00028,113341.795,220.41,113444.371471
1756090805350000000,113231.6,113452,0.01752,0.00028,113341.8,220.4,113448.533034
1756090805400000000,113231.6,113452,0.01752,0.00028,113341.8,220.4,113448.533034
1756090805450000000,113231.6,113452,0.01752,0.00028,113341.8,220.4,113448.533034
1756090805500000000,113231.6,113452,0.01752,0.00028,113341.8,220.4,113448.533034
1756090805550000000,113231.6,113452,0.01752,0.00028,113341.8,220.4,113448.533034
1756090805600000000,113231.6,113452,0.01752,0.00028,113341.8,220.4,113448.533034
1756090805650000000,113231.6,113452,0.01752,0.00028,113341.8,220.4,113448.533034
1756090805700000000,113231.6,113452,0.01752,0.00028,113341.8,220.4,113448.533034
1756090805750000000,113231.6,113452,0.01752,0.00028,113341.8,220.4,113448.533034
1756090805800000000,113231.6,113452,0.01752,0.00028,113341.8,220.4,113448.533034
1756090805850000000,113231.6,113452,0.01752,0.00028,113341.8,220.4,113448.533034
1756090805900000000,113231.6,113452,0.01752,0.00028,113341.8,220.4,113448.533034
1756090805950000000,113231.6,113452,0.01752,0.00028,113341.8,220.4,113448.533034
1756090806000000000,113231.6,113452,0.01752,0.00028,113341.8,220.4,113448.533034
1756090806050000000,113231.6,113452,0.01752,0.00028,113341.8,220.4,113448.533034
1756090806100000000,113231.6,113452,0.01752,0.00028,113341.8,220.4,113448.533034
1756090806150000000,113231.6,113452,0.01752,0.00028,113341.8,220.4,113448.533034
1756090806200000000,113231.6,113452,0.01752,0.00028,113341.8,220.4,113448.533034
1756090806250000000,113231.6,113452,0.01752,0.00028,113341.8,220.4,113448.533034
1756090806300000000,113231.6,113452,0.01752,0.00028,113341.8,220.4,113448.533034
1756090806350000000,113231.6,113452,0.01752,0.00028,113341.8,220.4,113448.533034
1756090806400000000,113231.6,113452,0.01752,0.00028,113341.8,220.4,113448.533034
1756090806450000000,113231.6,113451.98,0.01752,0.04326,113341.79,220.38,113295.125133
1756090806500000000,113231.6,113451.98,0.01752,0.04326,113341.79,220.38,113295.125133
1756090806550000000,113231.6,113451.97,0.01752,0.59379,113341.785,220.37,113237.915752
1756090806600000000,113231.6,113451.97,0.01752,0.59379,113341.785,220.37,113237.915752
1756090806650000000,113231.6,113451.96,0.01752,0.21741,113341.78,220.36,113248.033436
1756090806700000000,113231.6,113451.96,0.01752,0.21741,113341.78,220.36,113248.033436
1756090806750000000,113231.6,113451.95,0.01752,0.59379,113341.775,220.35,113237.915179
1756090806800000000,113231.6,113451.95,0.01752,0.59379,113341.775,220.35,113237.915179
1756090806850000000,113231.6,113451.95,0.01752,0.59379,113341.775,220.35,113237.915179
1756090806900000000,113231.6,113451.95,0.01752,0.59379,113341.775,220.35,113237.915179
1756090806950000000,113231.6,113451.95,0.01752,0.59379,113341.775,220.35,113237.915179
1756090807000000000,113231.6,113451.95,0.01752,0.59379,113341.775,220.35,113237.915179
1756090807050000000,113231.6,113451.95,0.01752,0.59379,113341.775,220.35,113237.915179
1756090807100000000,113231.6,113451.95,0.01752,0.59379,113341.775,220.35,113237.915179
1756090807150000000,113231.6,113451.95,0.01752,0.59379,113341.775,220.35,113237.915179
1756090807200000000,113231.6,113451.95,0.01752,0.59379,113341.775,220.35,113237.915179
1756090807250000000,113231.6,113451.95,0.01752,0.59379,113341.775,220.35,113237.915179
1756090807300000000,113231.6,113451.95,0.01752,0.59379,113341.775,220.35,113237.915179
1756090807350000000,113231.6,113451.95,0.01752,0.59379,113341.775,220.35,113237.915179
1756090807400000000,113231.6,113451.95,0.01752,0.59379,113341.775,220.35,113237.915179
1756090807450000000,113231.6,113451.94,0.01752,0.04326,113341.77,220.34,113295.113603
1756090807500000000,113231.6,113451.94,0.01752,0.04326,113341.77,220.34,113295.113603
1756090807550000000,113231.6,113451.93,0.01752,0.59379,113341.765,220.33,113237.914606
1756090807600000000,113231.6,113451.93,0.01752,0.59379,113341.765,220.33,113237.914606
1756090807650000000,113231.6,113451.93,0.01752,0.59379,113341.765,220.33,113237.914606
1756090807700000000,113231.6,113451.93,0.01752,0.59379,113341.765,220.33,113237.914606
1756090807750000000,113231.6,113451.93,0.01752,0.59379,113341.765,220.33,113237.914606
1756090807800000000,113231.6,113451.93,0.01752,0.59379,113341.765,220.33,113237.914606
1756090807850000000,113231.6,113451.93,0.01752,0.59379,113341.765,220.33,113237.914606
1756090807900000000,113231.6,113451.93,0.01752,0.59379,113341.765,220.33,113237.914606
1756090807950000000,113231.6,113451.92,0.01752,0.04444,113341.76,220.32,113293.89836
1756090808000000000,113231.6,113451.92,0.01752,0.04444,113341.76,220.32,113293.89836
1756090808050000000,113231.6,113451.91,0.01752,0.59379,113341.755,220.31,113237.914032
1756090808100000000,113231.6,113451.91,0.01752,0.59379,113341.755,220.31,113237.914032
1756090808150000000,113231.6,113451.91,0.01752,0.59407,113341.755,220.31,113237.911142
1756090808200000000,113231.6,113451.91,0.01752,0.59407,113341.755,220.31,113237.911142
1756090808250000000,113231.6,113451.91,0.01752,0.59407,113341.755,220.31,113237.911142
1756090808300000000,113231.6,113451.91,0.01752,0.59407,113341.755,220.31,113237.911142
1756090808350000000,113231.6,113451.91,0.01752,0.59407,113341.755,220.31,113237.911142
1756090808400000000,113231.6,113451.91,0.01752,0.59407,113341.755,220.31,113237.911142
1756090808450000000,113231.6,113451.91,0.01752,0.59407,113341.755,220.31,113237.911142
1756090808500000000,113231.6,113451.91,0.01752,0.59407,113341.755,220.31,113237.911142
1756090808550000000,113231.6,113451.91,0.01752,0.59407,113341.755,220.31,113237.911142
1756090808600000000,113231.6,113451.91,0.01752,0.59407,113341.755,220.31,113237.911142
1756090808650000000,113231.6,113451.91,0.01752,0.59407,113341.755,220.31,113237.911142
1756090808700000000,113231.6,113451.91,0.01752,0.59407,113341.755,220.31,113237.911142
1756090808750000000,113231.6,113451.91,0.01752,0.59407,113341.755,220.31,113237.911142
1756090808800000000,113231.6,113451.91,0.01752,0.59407,113341.755,220.31,113237.911142
1756090808850000000,113231.6,113451.91,0.01752,0.59407,113341.755,220.31,113237.911142
1756090808900000000,113231.6,113451.91,0.01752,0.59407,113341.755,220.31,113237.911142
1756090808950000000,113231.6,113451.91,0.01752,0.59407,113341.755,220.31,113237.911142
1756090809000000000,113231.6,113451.91,0.01752,0.59407,113341.755,220.31,113237.911142
1756090809050000000,113231.6,113451.91,0.01752,0.59407,113341.755,220.31,113237.911142
1756090809100000000,113231.6,113451.91,0.01752,0.59407,113341.755,220.31,113237.911142
1756090809150000000,113231.6,113451.91,0.01752,0.59407,113341.755,220.31,113237.911142
1756090809200000000,113231.6,113451.91,0.01752,0.59407,113341.755,220.31,113237.911142
1756090809250000000,113231.6,113451.91,0.01752,0.59407,113341.755,220.31,113237.911142
1756090809300000000,113231.6,113451.91,0.01752,0.59407,113341.755,220.31,113237.911142
1756090809350000000,113231.6,113451.91,0.01752,0.59407,113341.755,220.31,113237.911142
1756090809400000000,113231.6,113451.91,0.01752,0.59407,113341.755,220.31,113237.911142
1756090809450000000,113231.6,113451.9,0.01752,0.0443,113341.75,220.3,113294.033775
1756090809500000000,113231.6,113451.9,0.01752,0.0443,113341.75,220.3,113294.033775
1756090809550000000,113231.6,113451.89,0.01752,0.59379,113341.745,220.29,113237.913459
1756090809600000000,113231.6,113451.89,0.01752,0.59379,113341.745,220.29,113237.913459
1756090809650000000,113231.6,113451.88,0.01752,0.0443,113341.74,220.28,113294.028107
1756090809700000000,113231.6,113451.88,0.01752,0.0443,113341.74,220.28,113294.028107
1756090809750000000,113231.6,113451.87,0.01752,0.59379,113341.735,220.27,113237.912886
1756090809800000000,113231.6,113451.87,0.01752,0.59379,113341.735,220.27,113237.912886
1756090809850000000,113231.6,113451.87,0.01752,0.59379,113341.735,220.27,113237.912886
1756090809900000000,113231.6,113451.87,0.01752,0.59379,113341.735,220.27,113237.912886
1756090809950000000,113231.6,113451.86,0.01752,0.0443,113341.73,220.26,113294.022439
1756090810000000000,113231.6,113451.86,0.01752,0.0443,113341.73,220.26,113294.022439
1756090810050000000,113231.6,113451.85,0.01752,0.59379,113341.725,220.25,113237.912313
1756090810100000000,113231.6,113451.85,0.01752,0.59379,113341.725,220.25,113237.912313
1756090810150000000,113231.6,113451.85,0.01752,0.59379,113341.725,220.25,113237.912313
1756090810200000000,113231.6,113451.85,0.01752,0.59379,113341.725,220.25,113237.912313
1756090810250000000,113231.6,113451.85,0.01752,0.59379,113341.725,220.25,113237.912313
1756090810300000000,113231.6,113451.85,0.01752,0.59379,113341.725,220.25,113237.912313
1756090810350000000,113231.6,113451.84,0.01752,0.00028,113341.72,220.24,113448.375551
1756090810400000000,113231.6,113451.84,0.01752,0.00028,113341.72,220.24,113448.375551
1756090810450000000,113231.6,113451.84,0.01752,0.00028,113341.72,220.24,113448.375551
1756090810500000000,113231.6,113451.84,0.01752,0.00028,113341.72,220.24,113448.375551
1756090810550000000,113231.6,113451.84,0.01752,0.00028,113341.72,220.24,113448.375551
1756090810600000000,113231.6,113451.84,0.01752,0.00028,113341.72,220.24,113448.375551
1756090810650000000,113231.6,113451.82,0.01752,0.0443,113341.71,220.22,113294.011103
1756090810700000000,113231.6,113451.82,0.01752,0.0443,113341.71,220.22,113294.011103
1756090810750000000,113231.6,113451.81,0.01752,0.59379,113341.705,220.21,113237.911167
1756090810800000000,113231.6,113451.81,0.01752,0.59379,113341.705,220.21,113237.911167
1756090810850000000,113231.6,113451.81,0.01752,0.59379,113341.705,220.21,113237.911167
1756090810900000000,113231.6,113451.81,0.01752,0.59379,113341.705,220.21,113237.911167
1756090810950000000,113231.6,113451.81,0.01752,0.59379,113341.705,220.21,113237.911167
1756090811000000000,113231.6,113451.81,0.01752,0.59379,113341.705,220.21,113237.911167
1756090811050000000,113231.6,113451.8,0.01752,0.0443,113341.7,220.2,113294.005435
1756090811100000000,113231.6,113451.8,0.01752,0.0443,113341.7,220.2,113294.005435
1756090811150000000,113231.6,113451.79,0.01752,0.59379,113341.695,220.19,113237.910593
1756090811200000000,113231.6,113451.79,0.01752,0.59379,113341.695,220.19,113237.910593
1756090811250000000,113231.6,113451.79,0.01752,0.59379,113341.695,220.19,113237.910593
1756090811300000000,113231.6,113451.79,0.01752,0.59379,113341.695,220.19,113237.910593
1756090811350000000,113231.6,113451.79,0.01752,0.59379,113341.695,220.19,113237.910593
1756090811400000000,113231.6,113451.79,0.01752,0.59379,113341.695,220.19,113237.910593
1756090811450000000,113231.6,113451.79,0.01752,0.59379,113341.695,220.19,113237.910593
1756090811500000000,113231.6,113451.79,0.01752,0.59379,113341.695,220.19,113237.910593
1756090811550000000,113231.6,113451.79,0.01752,0.59379,113341.695,220.19,113237.910593
1756090811600000000,113231.6,113451.79,0.01752,0.59379,113341.695,220.19,113237.910593
1756090811650000000,113231.6,113451.79,0.01752,0.59379,113341.695,220.19,113237.910593
1756090811700000000,113231.6,113451.79,0.01752,0.59379,113341.695,220.19,113237.910593
1756090811750000000,113231.6,113451.79,0.01752,0.59379,113341.695,220.19,113237.910593
1756090811800000000,113231.6,113451.79,0.01752,0.59379,113341.695,220.19,113237.910593
1756090811850000000,113231.6,113451.79,0.01752,0.59379,113341.695,220.19,113237.910593
1756090811900000000,113231.6,113451.79,0.01752,0.59379,113341.695,220.19,113237.910593
1756090811950000000,113231.6,113451.79,0.01752,0.59379,113341.695,220.19,113237.910593
1756090812000000000,113231.6,113451.79,0.01752,0.59379,113341.695,220.19,113237.910593
1756090812050000000,113231.6,113451.79,0.01752,0.59379,113341.695,220.19,113237.910593
1756090812100000000,113231.6,113451.79,0.01752,0.59379,113341.695,220.19,113237.910593
1756090812150000000,113231.6,113451.82,0.01752,0.59379,113341.71,220.22,113237.911453
1756090812200000000,113231.6,113451.82,0.01752,0.59379,113341.71,220.22,113237.911453
1756090812250000000,113231.6,113451.81,0.01752,0.04276,113341.705,220.21,113295.602641
1756090812300000000,113231.6,113451.81,0.01752,0.04276,113341.705,220.21,113295.602641
1756090812350000000,113231.6,113451.8,0.01752,0.59379,113341.7,220.2,113237.91088
1756090812400000000,113231.6,113451.8,0.01752,0.59379,113341.7,220.2,113237.91088
1756090812450000000,113231.6,113451.8,0.01752,0.59379,113341.7,220.2,113237.91088
1756090812500000000,113231.6,113451.8,0.01752,0.59379,113341.7,220.2,113237.91088
1756090812550000000,113231.6,113451.79,0.01752,0.21741,113341.695,220.19,113248.020759
1756090812600000000,113231.6,113451.79,0.01752,0.21741,113341.695,220.19,113248.020759
1756090812650000000,113231.6,113451.78,0.01752,0.59379,113341.69,220.18,113237.910307
1756090812700000000,113231.6,113451.78,0.01752,0.59379,113341.69,220.18,113237.910307
1756090812750000000,113231.6,113451.78,0.01752,0.59379,113341.69,220.18,113237.910307
1756090812800000000,113231.6,113451.78,0.01752,0.59379,113341.69,220.18,113237.910307
1756090812850000000,113231.6,113451.78,0.01752,0.59379,113341.69,220.18,113237.910307
1756090812900000000,113231.6,113451.78,0.01752,0.59379,113341.69,220.18,113237.910307
1756090812950000000,113231.6,113451.78,0.01752,0.59379,113341.69,220.18,113237.910307
1756090813000000000,113231.6,113451.78,0.01752,0.59379,113341.69,220.18,113237.910307
1756090813050000000,113231.6,113451.78,0.01752,0.59379,113341.69,220.18,113237.910307
1756090813100000000,113231.6,113451.78,0.01752,0.59379,113341.69,220.18,113237.910307
1756090813150000000,113231.6,113451.78,0.01752,0.59379,113341.69,220.18,113237.910307
1756090813200000000,113231.6,113451.78,0.01752,0.59379,113341.69,220.18,113237.910307
1756090813250000000,113231.6,113451.78,0.01752,0.59379,113341.69,220.18,113237.910307
1756090813300000000,113231.6,113451.78,0.01752,0.59379,113341.69,220.18,113237.910307
1756090813350000000,113231.6,113451.77,0.01752,0.04276,113341.685,220.17,113295.591015
1756090813400000000,113231.6,113451.77,0.01752,0.04276,113341.685,220.17,113295.591015
1756090813450000000,113231.6,113451.76,0.01752,0.59379,113341.68,220.16,113237.909734
1756090813500000000,113231.6,113451.76,0.01752,0.59379,113341.68,220.16,113237.909734
1756090813550000000,113231.6,113451.76,0.01752,0.59379,113341.68,220.16,113237.909734
1756090813600000000,113231.6,113451.76,0.01752,0.59379,113341.68,220.16,113237.909734
1756090813650000000,113231.6,113451.76,0.01752,0.59379,113341.68,220.16,113237.909734
1756090813700000000,113231.6,113451.76,0.01752,0.59379,113341.68,220.16,113237.909734
1756090813750000000,113231.6,113451.76,0.01752,0.59379,113341.68,220.16,113237.909734
1756090813800000000,113231.6,113451.76,0.01752,0.59379,113341.68,220.16,113237.909734
1756090813850000000,113231.6,113451.76,0.01752,0.59379,113341.68,220.16,113237.909734
1756090813900000000,113231.6,113451.76,0.01752,0.59379,113341.68,220.16,113237.909734
1756090813950000000,113231.6,113451.76,0.01752,0.59379,113341.68,220.16,113237.909734
1756090814000000000,113231.6,113451.76,0.01752,0.59379,113341.68,220.16,113237.909734
1756090814050000000,113231.6,113451.76,0.01752,0.59379,113341.68,220.16,113237.909734
1756090814100000000,113231.6,113451.76,0.01752,0.59379,113341.68,220.16,113237.909734
1756090814150000000,113231.6,113451.76,0.01752,0.59379,113341.68,220.16,113237.909734
1756090814200000000,113231.6,113451.76,0.01752,0.59379,113341.68,220.16,113237.909734
1756090814250000000,113231.6,113451.76,0.01752,0.59379,113341.68,220.16,113237.909734
1756090814300000000,113231.6,113451.76,0.01752,0.59379,113341.68,220.16,113237.909734
1756090814350000000,113231.6,113451.75,0.01752,0.04276,113341.675,220.15,113295.585202
1756090814400000000,113231.6,113451.75,0.01752,0.04276,113341.675,220.15,113295.585202
1756090814450000000,113231.6,113451.74,0.01752,0.59379,113341.67,220.14,113237.90916
1756090814500000000,113231.6,113451.74,0.01752,0.59379,113341.67,220.14,113237.90916
1756090814550000000,113231.6,113451.74,0.01752,0.59379,113341.67,220.14,113237.90916
1756090814600000000,113231.6,113451.74,0.01752,0.59379,113341.67,220.14,113237.90916
1756090814650000000,113231.6,113451.74,0.01752,0.59379,113341.67,220.14,113237.90916
1756090814700000000,113231.6,113451.74,0.01752,0.59379,113341.67,220.14,113237.90916
1756090814750000000,113231.6,113451.74,0.01752,0.93752,113341.67,220.14,113235.63842
1756090814800000000,113231.6,113451.74,0.01752,0.93752,113341.67,220.14,113235.63842
1756090814850000000,113231.6,113451.74,0.01752,0.93752,113341.67,220.14,113235.63842
1756090814900000000,113231.6,113451.74,0.01752,0.93752,113341.67,220.14,113235.63842
1756090814950000000,113231.6,113451.74,0.01752,0.93752,113341.67,220.14,113235.63842
1756090815000000000,113231.6,113451.74,0.01752,0.93752,113341.67,220.14,113235.63842
1756090815050000000,113231.6,113451.74,0.01752,0.93752,113341.67,220.14,113235.63842
1756090815100000000,113231.6,113451.74,0.01752,0.93752,113341.67,220.14,113235.63842
1756090815150000000,113231.6,113451.74,0.01752,0.93752,113341.67,220.14,113235.63842
1756090815200000000,113231.6,113451.74,0.01752,0.93752,113341.67,220.14,113235.63842
1756090815250000000,113231.61,113451.74,0.00801,0.93752,113341.675,220.13,113233.474818
1756090815300000000,113231.61,113451.74,0.00801,0.93752,113341.675,220.13,113233.474818
1756090815350000000,113231.62,113451.74,0.01752,0.93752,113341.68,220.12,113235.658053
1756090815400000000,113231.62,113451.74,0.01752,0.93752,113341.68,220.12,113235.658053
1756090815450000000,113231.62,113451.74,0.01752,0.93752,113341.68,220.12,113235.658053
1756090815500000000,113231.62,113451.74,0.01752,0.93752,113341.68,220.12,113235.658053
1756090815550000000,113231.62,113451.74,0.01752,0.93752,113341.68,220.12,113235.658053
1756090815600000000,113231.62,113451.74,0.01752,0.93752,113341.68,220.12,113235.658053
1756090815650000000,113231.62,113451.74,0.01752,0.93752,113341.68,220.12,113235.658053
1756090815700000000,113231.62,113451.74,0.01752,0.93752,113341.68,220.12,113235.658053
1756090815750000000,113231.62,113451.74,0.01752,0.93752,113341.68,220.12,113235.658053
1756090815800000000,113231.62,113451.74,0.01752,0.93752,113341.68,220.12,113235.658053
1756090815850000000,113231.62,113451.74,0.01752,0.93752,113341.68,220.12,113235.658053
1756090815900000000,113231.62,113451.74,0.01752,0.93752,113341.68,220.12,113235.658053
1756090815950000000,113231.62,113451.74,0.01752,0.93752,113341.68,220.12,113235.658053
1756090816000000000,113231.62,113451.74,0.01752,0.93752,113341.68,220.12,113235.658053
1756090816050000000,113231.62,113451.74,0.01752,0.93752,113341.68,220.12,113235.658053
1756090816100000000,113231.62,113451.74,0.01752,0.93752,113341.68,220.12,113235.658053
1756090816150000000,113231.62,113451.74,0.01752,0.93752,113341.68,220.12,113235.658053
1756090816200000000,113231.62,113451.74,0.01752,0.93752,113341.68,220.12,113235.658053
1756090816250000000,113231.62,113451.74,0.01752,0.93752,113341.68,220.12,113235.658053
1756090816300000000,113231.62,113451.74,0.01752,0.93752,113341.68,220.12,113235.658053
1756090816350000000,113231.62,113451.74,0.01752,0.93752,113341.68,220.12,113235.658053
1756090816400000000,113231.62,113451.74,0.01752,0.93752,113341.68,220.12,113235.658053
1756090816450000000,113231.62,113451.73,0.01752,0.04122,113341.675,220.11,113297.270787
1756090816500000000,113231.62,113451.73,0.01752,0.04122,113341.675,220.11,113297.270787
1756090816550000000,113231.62,113451.72,0.01752,0.59379,113341.67,220.1,113237.928014
1756090816600000000,113231.62,113451.72,0.01752,0.59379,113341.67,220.1,113237.928014
1756090816650000000,113231.62,113451.72,0.01752,0.59379,113341.67,220.1,113237.928014
1756090816700000000,113231.62,113451.72,0.01752,0.59379,113341.67,220.1,113237.928014
1756090816750000000,113231.62,113451.72,0.01752,0.59379,113341.67,220.1,113237.928014
1756090816800000000,113231.62,113451.72,0.01752,0.59379,113341.67,220.1,113237.928014
1756090816850000000,113231.62,113451.72,0.01752,0.59379,113341.67,220.1,113237.928014
1756090816900000000,113231.62,113451.72,0.01752,0.59379,113341.67,220.1,113237.928014
1756090816950000000,113231.62,113451.72,0.01752,0.59379,113341.67,220.1,113237.928014
1756090817000000000,113231.62,113451.72,0.01752,0.59379,113341.67,220.1,113237.928014
1756090817050000000,113231.62,113451.72,0.01752,0.59379,113341.67,220.1,113237.928014
1756090817100000000,113231.62,113451.72,0.01752,0.59379,113341.67,220.1,113237.928014
1756090817150000000,113231.62,113451.72,0.01752,0.59379,113341.67,220.1,113237.928014
1756090817200000000,113231.62,113451.72,0.01752,0.59379,113341.67,220.1,113237.928014
1756090817250000000,113231.62,113451.72,0.01752,0.59379,113341.67,220.1,113237.928014
1756090817300000000,113231.62,113451.72,0.01752,0.59379,113341.67,220.1,113237.928014
1756090817350000000,113231.62,113451.71,0.01752,0.04122,113341.665,220.09,113297.264821
1756090817400000000,113231.62,113451.71,0.01752,0.04122,113341.665,220.09,113297.264821
1756090817450000000,113231.62,113451.7,0.01752,0.59379,113341.66,220.08,113237.927441
1756090817500000000,113231.62,113451.7,0.01752,0.59379,113341.66,220.08,113237.927441
1756090817550000000,113231.62,113451.69,0.11762,0.04129,113341.655,220.07,113394.508638
1756090817600000000,113231.62,113451.69,0.11762,0.04129,113341.655,220.07,113394.508638
1756090817650000000,113231.62,113451.68,0.11762,0.59379,113341.65,220.06,113268.003319
1756090817700000000,113231.62,113451.68,0.11762,0.59379,113341.65,220.06,113268.003319
1756090817750000000,113231.62,113451.68,0.11762,0.59379,113341.65,220.06,113268.003319
1756090817800000000,113231.62,113451.68,0.11762,0.59379,113341.65,220.06,113268.003319
1756090817850000000,113231.63,113451.67,0.04,0.04129,113341.65,220.04,113339.90408
1756090817900000000,113231.63,113451.67,0.04,0.04129,113341.65,220.04,113339.90408
1756090817950000000,113231.64,113451.66,0.11762,0.59379,113341.65,220.02,113268.016706
1756090818000000000,113231.64,113451.66,0.11762,0.59379,113341.65,220.02,113268.016706
1756090818050000000,113231.64,113451.66,0.11762,0.59379,113341.65,220.02,113268.016706
1756090818100000000,113231.64,113451.66,0.11762,0.59379,113341.65,220.02,113268.016706
1756090818150000000,113231.64,113451.66,0.11762,0.59379,113341.65,220.02,113268.016706
1756090818200000000,113231.64,113451.66,0.11762,0.59379,113341.65,220.02,113268.016706
1756090818250000000,113231.64,113451.66,0.11762,0.59379,113341.65,220.02,113268.016706
1756090818300000000,113231.64,113451.66,0.11762,0.59379,113341.65,220.02,113268.016706
1756090818350000000,113231.64,113451.66,0.11762,0.59379,113341.65,220.02,113268.016706
1756090818400000000,113231.64,113451.66,0.11762,0.59379,113341.65,220.02,113268.016706
1756090818450000000,113231.64,113451.64,0.11762,0.21741,113341.64,220,113308.876068
1756090818500000000,113231.64,113451.64,0.11762,0.21741,113341.64,220,113308.876068
1756090818550000000,113231.64,113451.63,0.11762,0.59379,113341.635,219.99,113268.011746
1756090818600000000,113231.64,113451.63,0.11762,0.59379,113341.635,219.99,113268.011746
1756090818650000000,113231.64,113451.63,0.11762,0.59379,113341.635,219.99,113268.011746
1756090818700000000,113231.64,113451.63,0.11762,0.59379,113341.635,219.99,113268.011746
1756090818750000000,113231.64,113451.63,0.11762,0.59379,113341.635,219.99,113268.011746
1756090818800000000,113231.64,113451.63,0.11762,0.59379,113341.635,219.99,113268.011746
1756090818850000000,113231.64,113451.63,0.11762,0.59379,113341.635,219.99,113268.011746
1756090818900000000,113231.64,113451.63,0.11762,0.59379,113341.635,219.99,113268.011746
1756090818950000000,113231.62,113451.63,0.11762,0.93752,113341.625,220.01,113256.145254
1756090819000000000,113231.62,113451.63,0.11762,0.93752,113341.625,220.01,113256.145254
1756090819050000000,113231.62,113451.63,0.11762,0.93752,113341.625,220.01,113256.145254
1756090819100000000,113231.62,113451.63,0.11762,0.93752,113341.625,220.01,113256.145254
1756090819150000000,113231.62,113451.63,0.11762,0.93752,113341.625,220.01,113256.145254
1756090819200000000,113231.62,113451.63,0.11762,0.93752,113341.625,220.01,113256.145254
1756090819250000000,113231.62,113451.63,0.11762,0.93752,113341.625,220.01,113256.145254
1756090819300000000,113231.62,113451.63,0.11762,0.93752,113341.625,220.01,113256.145254
1756090819350000000,113231.62,113451.63,0.11762,0.93752,113341.625,220.01,113256.145254
1756090819400000000,113231.62,113451.63,0.11762,0.93752,113341.625,220.01,113256.145254
1756090819450000000,113231.62,113451.63,0.11762,0.93752,113341.625,220.01,113256.145254
1756090819500000000,113231.62,113451.63,0.11762,0.93752,113341.625,220.01,113256.145254
1756090819550000000,113231.62,113451.63,0.11762,0.93752,113341.625,220.01,113256.145254
1756090819600000000,113231.62,113451.63,0.11762,0.93752,113341.625,220.01,113256.145254
1756090819650000000,113231.62,113451.63,0.11762,0.93752,113341.625,220.01,113256.145254
1756090819700000000,113231.62,113451.63,0.11762,0.93752,113341.625,220.01,113256.145254
1756090819750000000,113231.62,113451.63,0.11762,0.93752,113341.625,220.01,113256.145254
1756090819800000000,113231.62,113451.63,0.11762,0.93752,113341.625,220.01,113256.145254
1756090819850000000,113231.63,113451.63,0.04,0.93752,113341.63,220,113240.632373
1756090819900000000,113231.63,113451.63,0.04,0.93752,113341.63,220,113240.632373
1756090819950000000,113231.64,113451.63,0.11762,0.93752,113341.635,219.99,113256.163024
1756090820000000000,113231.64,113451.63,0.11762,0.93752,113341.635,219.99,113256.163024
1756090820050000000,113231.64,113451.63,0.11762,0.93752,113341.635,219.99,113256.163024
1756090820100000000,113231.64,113451.63,0.11762,0.93752,113341.635,219.99,113256.163024
1756090820150000000,113231.64,113451.63,0.11762,0.93752,113341.635,219.99,113256.163024
1756090820200000000,113231.64,113451.63,0.11762,0.93752,113341.635,219.99,113256.163024
1756090820250000000,113231.64,113451.63,0.11762,0.93752,113341.635,219.99,113256.163024
1756090820300000000,113231.64,113451.63,0.11762,0.93752,113341.635,219.99,113256.163024
1756090820350000000,113231.64,113451.63,0.11762,0.93752,113341.635,219.99,113256.163024
1756090820400000000,113231.64,113451.63,0.11762,0.93752,113341.635,219.99,113256.163024
1756090820450000000,113231.64,113451.63,0.11762,0.93752,113341.635,219.99,113256.163024
1756090820500000000,113231.64,113451.63,0.11762,0.93752,113341.635,219.99,113256.163024
1756090820550000000,113231.64,113451.63,0.11762,0.93752,113341.635,219.99,113256.163024
1756090820600000000,113231.64,113451.63,0.11762,0.93752,113341.635,219.99,113256.163024
1756090820650000000,113231.64,113451.63,0.11762,0.93752,113341.635,219.99,113256.163024
1756090820700000000,113231.64,113451.63,0.11762,0.93752,113341.635,219.99,113256.163024
1756090820750000000,113231.64,113451.63,0.11762,0.93752,113341.635,219.99,113256.163024
1756090820800000000,113231.64,113451.63,0.11762,0.93752,113341.635,219.99,113256.163024
1756090820850000000,113231.64,113451.62,0.11762,0.04129,113341.63,219.98,113394.462023
1756090820900000000,113231.64,113451.62,0.11762,0.04129,113341.63,219.98,113394.462023
1756090820950000000,113231.62,113451.6,0.11762,0.00033,113341.61,219.98,113450.984541
1756090821000000000,113231.62,113451.6,0.11762,0.00033,113341.61,219.98,113450.984541
1756090821050000000,113231.62,113451.6,0.11762,0.00033,113341.61,219.98,113450.984541
1756090821100000000,113231.62,113451.6,0.11762,0.00033,113341.61,219.98,113450.984541
1756090821150000000,113231.62,113451.6,0.11762,0.00033,113341.61,219.98,113450.984541
1756090821200000000,113231.62,113451.6,0.11762,0.00033,113341.61,219.98,113450.984541
1756090821250000000,113231.62,113451.6,0.11762,0.00033,113341.61,219.98,113450.984541
1756090821300000000,113231.62,113451.6,0.11762,0.00033,113341.61,219.98,113450.984541
1756090821350000000,113231.62,113451.6,0.11762,0.00033,113341.61,219.98,113450.984541
1756090821400000000,113231.62,113451.6,0.11762,0.00033,113341.61,219.98,113450.984541
1756090821450000000,113231.62,113451.61,0.11762,0.59379,113341.615,219.99,113267.991746
1756090821500000000,113231.62,113451.61,0.11762,0.59379,113341.615,219.99,113267.991746
1756090821550000000,113231.62,113451.61,0.11762,0.59379,113341.615,219.99,113267.991746
1756090821600000000,113231.62,113451.61,0.11762,0.59379,113341.615,219.99,113267.991746
1756090821650000000,113231.63,113451.6,0.04,0.04129,113341.615,219.97,113339.869636
1756090821700000000,113231.63,113451.6,0.04,0.04129,113341.615,219.97,113339.869636
1756090821750000000,113231.64,113451.59,0.11762,0.59379,113341.615,219.95,113268.005133
1756090821800000000,113231.64,113451.59,0.11762,0.59379,113341.615,219.95,113268.005133
1756090821850000000,113231.64,113451.59,0.11762,0.59379,113341.615,219.95,113268.005133
1756090821900000000,113231.64,113451.59,0.11762,0.59379,113341.615,219.95,113268.005133
1756090821950000000,113231.64,113451.59,0.11762,0.59379,113341.615,219.95,113268.005133
1756090822000000000,113231.64,113451.59,0.11762,0.59379,113341.615,219.95,113268.005133
1756090822050000000,113231.64,113451.59,0.11762,0.59379,113341.615,219.95,113268.005133
1756090822100000000,113231.64,113451.59,0.11762,0.59379,113341.615,219.95,113268.005133
1756090822150000000,113231.64,113451.59,0.11762,0.59379,113341.615,219.95,113268.005133
1756090822200000000,113231.64,113451.59,0.11762,0.59379,113341.615,219.95,113268.005133
1756090822250000000,113231.64,113451.59,0.11762,0.59379,113341.615,219.95,113268.005133
1756090822300000000,113231.64,113451.59,0.11762,0.59379,113341.615,219.95,113268.005133
1756090822350000000,113231.64,113451.58,0.11762,0.00028,113341.61,219.94,113451.057666
1756090822400000000,113231.64,113451.58,0.11762,0.00028,113341.61,219.94,113451.057666
1756090822450000000,113231.64,113451.58,0.11762,0.00028,113341.61,219.94,113451.057666
1756090822500000000,113231.64,113451.58,0.11762,0.00028,113341.61,219.94,113451.057666
1756090822550000000,113231.64,113451.58,0.11762,0.00028,113341.61,219.94,113451.057666
1756090822600000000,113231.64,113451.58,0.11762,0.00028,113341.61,219.94,113451.057666
1756090822650000000,113231.64,113451.58,0.11762,0.00028,113341.61,219.94,113451.057666
1756090822700000000,113231.64,113451.58,0.11762,0.00028,113341.61,219.94,113451.057666
1756090822750000000,113231.64,113451.58,0.11762,0.00028,113341.61,219.94,113451.057666
1756090822800000000,113231.64,113451.58,0.11762,0.00028,113341.61,219.94,113451.057666
1756090822850000000,113231.64,113451.58,0.11762,0.00028,113341.61,219.94,113451.057666
1756090822900000000,113231.64,113451.58,0.11762,0.00028,113341.61,219.94,113451.057666
1756090822950000000,113231.64,113451.58,0.11762,0.00028,113341.61,219.94,113451.057666
1756090823000000000,113231.64,113451.58,0.11762,0.00028,113341.61,219.94,113451.057666
1756090823050000000,113231.64,113451.58,0.11762,0.00028,113341.61,219.94,113451.057666
1756090823100000000,113231.64,113451.58,0.11762,0.00028,113341.61,219.94,113451.057666
1756090823150000000,113231.64,113451.57,0.11762,0.34373,113341.605,219.93,113287.71059
1756090823200000000,113231.64,113451.57,0.11762,0.34373,113341.605,219.93,113287.71059
1756090823250000000,113231.65,113451.56,0.00918,0.59379,113341.605,219.91,113234.99805
1756090823300000000,113231.65,113451.56,0.00918,0.59379,113341.605,219.91,113234.99805
1756090823350000000,113231.66,113451.56,0.11762,0.59379,113341.61,219.9,113268.016866
1756090823400000000,113231.66,113451.56,0.11762,0.59379,113341.61,219.9,113268.016866
1756090823450000000,113231.66,113451.55,0.11762,0.04129,113341.605,219.89,113394.415407
1756090823500000000,113231.66,113451.55,0.11762,0.04129,113341.605,219.89,113394.415407
1756090823550000000,113231.67,113451.54,0.04,0.59379,113341.605,219.87,113245.546521
1756090823600000000,113231.67,113451.54,0.04,0.59379,113341.605,219.87,113245.546521
1756090823650000000,113231.68,113451.54,0.11762,0.59379,113341.61,219.86,113268.030253
1756090823700000000,113231.68,113451.54,0.11762,0.59379,113341.61,219.86,113268.030253
1756090823750000000,113231.68,113451.54,0.11762,0.59379,113341.61,219.86,113268.030253
1756090823800000000,113231.68,113451.54,0.11762,0.59379,113341.61,219.86,113268.030253
1756090823850000000,113231.68,113451.54,0.11762,0.59379,113341.61,219.86,113268.030253
1756090823900000000,113231.68,113451.54,0.11762,0.59379,113341.61,219.86,113268.030253
1756090823950000000,113231.68,113451.54,0.11762,0.59379,113341.61,219.86,113268.030253
1756090824000000000,113231.68,113451.54,0.11762,0.59379,113341.61,219.86,113268.030253
1756090824050000000,113231.68,113451.54,0.11762,0.59379,113341.61,219.86,113268.030253
1756090824100000000,113231.68,113451.54,0.11762,0.59379,113341.61,219.86,113268.030253
1756090824150000000,113231.68,113451.54,0.11762,0.59379,113341.61,219.86,113268.030253
1756090824200000000,113231.68,113451.54,0.11762,0.59379,113341.61,219.86,113268.030253
1756090824250000000,113231.68,113451.54,0.11762,0.59379,113341.61,219.86,113268.030253
1756090824300000000,113231.68,113451.54,0.11762,0.59379,113341.61,219.86,113268.030253
1756090824350000000,113231.68,113451.53,0.11762,0.21741,113341.605,219.85,113308.863407
1756090824400000000,113231.68,113451.53,0.11762,0.21741,113341.605,219.85,113308.863407
1756090824450000000,113231.68,113451.52,0.11762,0.59379,113341.6,219.84,113268.026946
1756090824500000000,113231.68,113451.52,0.11762,0.59379,113341.6,219.84,113268.026946
1756090824550000000,113231.69,113451.52,0.04,0.59379,113341.605,219.83,113245.563996
1756090824600000000,113231.69,113451.52,0.04,0.59379,113341.605,219.83,113245.563996
1756090824650000000,113231.7,113451.52,0.11762,0.59379,113341.61,219.82,113268.043639
1756090824700000000,113231.7,113451.52,0.11762,0.59379,113341.61,219.82,113268.043639
1756090824750000000,113231.7,113451.52,0.11762,0.59379,113341.61,219.82,113268.043639
1756090824800000000,113231.7,113451.52,0.11762,0.59379,113341.61,219.82,113268.043639
1756090824850000000,113231.7,113451.52,0.11762,0.59379,113341.61,219.82,113268.043639
1756090824900000000,113231.7,113451.52,0.11762,0.59379,113341.61,219.82,113268.043639
1756090824950000000,113231.7,113451.52,0.11762,0.59379,113341.61,219.82,113268.043639
1756090825000000000,113231.7,113451.52,0.11762,0.59379,113341.61,219.82,113268.043639
1756090825050000000,113231.7,113451.51,0.11762,0.00028,113341.605,219.81,113450.987975
1756090825100000000,113231.7,113451.51,0.11762,0.00028,113341.605,219.81,113450.987975
1756090825150000000,113231.7,113451.51,0.11762,0.00028,113341.605,219.81,113450.987975
1756090825200000000,113231.7,113451.51,0.11762,0.00028,113341.605,219.81,113450.987975
1756090825250000000,113231.7,113451.51,0.11762,0.00028,113341.605,219.81,113450.987975
1756090825300000000,113231.7,113451.51,0.11762,0.00028,113341.605,219.81,113450.987975
1756090825350000000,113231.7,113451.51,0.11762,0.00028,113341.605,219.81,113450.987975
1756090825400000000,113231.7,113451.51,0.11762,0.00028,113341.605,219.81,113450.987975
1756090825450000000,113231.7,113451.51,0.11762,0.00028,113341.605,219.81,113450.987975
1756090825500000000,113231.7,113451.51,0.11762,0.00028,113341.605,219.81,113450.987975
1756090825550000000,113231.7,113451.51,0.11762,0.00028,113341.605,219.81,113450.987975
1756090825600000000,113231.7,113451.51,0.11762,0.00028,113341.605,219.81,113450.987975
1756090825650000000,113231.7,113451.51,0.11762,0.00028,113341.605,219.81,113450.987975
1756090825700000000,113231.7,113451.51,0.11762,0.00028,113341.605,219.81,113450.987975
1756090825750000000,113231.7,113451.51,0.11762,0.00028,113341.605,219.81,113450.987975
1756090825800000000,113231.7,113451.51,0.11762,0.00028,113341.605,219.81,113450.987975
1756090825850000000,113231.7,113451.51,0.11762,0.00028,113341.605,219.81,113450.987975
1756090825900000000,113231.7,113451.51,0.11762,0.00028,113341.605,219.81,113450.987975
1756090825950000000,113231.7,113451.51,0.11762,0.00028,113341.605,219.81,113450.987975
1756090826000000000,113231.7,113451.51,0.11762,0.00028,113341.605,219.81,113450.987975
1756090826050000000,113231.7,113451.51,0.11762,0.00028,113341.605,219.81,113450.987975
1756090826100000000,113231.7,113451.51,0.11762,0.00028,113341.605,219.81,113450.987975
1756090826150000000,113231.7,113451.51,0.11762,0.00028,113341.605,219.81,113450.987975
1756090826200000000,113231.7,113451.51,0.11762,0.00028,113341.605,219.81,113450.987975
1756090826250000000,113231.7,113451.51,0.11762,0.00028,113341.605,219.81,113450.987975
1756090826300000000,113231.7,113451.51,0.11762,0.00028,113341.605,219.81,113450.987975
1756090826350000000,113231.7,113451.51,0.11762,0.00028,113341.605,219.81,113450.987975
1756090826400000000,113231.7,113451.51,0.11762,0.00028,113341.605,219.81,113450.987975
1756090826450000000,113231.7,113451.51,0.11762,0.00028,113341.605,219.81,113450.987975
1756090826500000000,113231.7,113451.51,0.11762,0.00028,113341.605,219.81,113450.987975
1756090826550000000,113231.7,113451.51,0.11762,0.04157,113341.605,219.81,113394.110027
1756090826600000000,113231.7,113451.51,0.11762,0.04157,113341.605,219.81,113394.110027
1756090826650000000,113231.66,113451.5,0.11762,0.59379,113341.58,219.84,113268.006946
1756090826700000000,113231.66,113451.5,0.11762,0.59379,113341.58,219.84,113268.006946
1756090826750000000,113231.66,113451.5,0.11762,0.59379,113341.58,219.84,113268.006946
1756090826800000000,113231.66,113451.5,0.11762,0.59379,113341.58,219.84,113268.006946
1756090826850000000,113231.66,113451.5,0.11762,0.59379,113341.58,219.84,113268.006946
1756090826900000000,113231.66,113451.5,0.11762,0.59379,113341.58,219.84,113268.006946
1756090826950000000,113231.66,113451.5,0.11762,0.59379,113341.58,219.84,113268.006946
1756090827000000000,113231.66,113451.5,0.11762,0.59379,113341.58,219.84,113268.006946
1756090827050000000,113231.66,113451.5,0.11762,0.59379,113341.58,219.84,113268.006946
1756090827100000000,113231.66,113451.5,0.11762,0.59379,113341.58,219.84,113268.006946
1756090827150000000,113231.66,113451.5,0.11762,0.59379,113341.58,219.84,113268.006946
1756090827200000000,113231.66,113451.5,0.11762,0.59379,113341.58,219.84,113268.006946
1756090827250000000,113231.67,113451.5,0.00753,0.59379,113341.585,219.83,113234.42281
1756090827300000000,113231.67,113451.5,0.00753,0.59379,113341.585,219.83,113234.42281
1756090827350000000,113231.68,113451.5,0.11762,0.59379,113341.59,219.82,113268.023639
1756090827400000000,113231.68,113451.5,0.11762,0.59379,113341.59,219.82,113268.023639
1756090827450000000,113231.68,113451.5,0.11762,0.59379,113341.59,219.82,113268.023639
1756090827500000000,113231.68,113451.5,0.11762,0.59379,113341.59,219.82,113268.023639
1756090827550000000,113231.69,113451.49,0.04,0.34373,113341.59,219.8,113254.601943
1756090827600000000,113231.69,113451.49,0.04,0.34373,113341.59,219.8,113254.601943
1756090827650000000,113231.7,113451.48,0.11762,0.59379,113341.59,219.78,113268.037026
1756090827700000000,113231.7,113451.48,0.11762,0.59379,113341.59,219.78,113268.037026
1756090827750000000,113231.7,113451.48,0.11762,0.59379,113341.59,219.78,113268.037026
1756090827800000000,113231.7,113451.48,0.11762,0.59379,113341.59,219.78,113268.037026
1756090827850000000,113231.7,113451.48,0.11762,0.59379,113341.59,219.78,113268.037026
1756090827900000000,113231.7,113451.48,0.11762,0.59379,113341.59,219.78,113268.037026
1756090827950000000,113231.7,113451.48,0.11762,0.59379,113341.59,219.78,113268.037026
1756090828000000000,113231.7,113451.48,0.11762,0.59379,113341.59,219.78,113268.037026
1756090828050000000,113231.7,113451.48,0.11762,0.59379,113341.59,219.78,113268.037026
1756090828100000000,113231.7,113451.48,0.11762,0.59379,113341.59,219.78,113268.037026
1756090828150000000,113231.7,113451.48,0.11762,0.59379,113341.59,219.78,113268.037026
1756090828200000000,113231.7,113451.48,0.11762,0.59379,113341.59,219.78,113268.037026
1756090828250000000,113231.7,113451.47,0.11762,0.00033,113341.585,219.77,113450.855128
1756090828300000000,113231.7,113451.47,0.11762,0.00033,113341.585,219.77,113450.855128
1756090828350000000,113231.7,113451.47,0.11762,0.00033,113341.585,219.77,113450.855128
1756090828400000000,113231.7,113451.47,0.11762,0.00033,113341.585,219.77,113450.855128
1756090828450000000,113231.7,113451.47,0.11762,0.00033,113341.585,219.77,113450.855128
1756090828500000000,113231.7,113451.47,0.11762,0.00033,113341.585,219.77,113450.855128
1756090828550000000,113231.7,113451.47,0.11762,0.04162,113341.585,219.77,113394.029486
1756090828600000000,113231.7,113451.47,0.11762,0.04162,113341.585,219.77,113394.029486
1756090828650000000,113231.7,113451.45,0.11762,0.04129,113341.575,219.75,113394.351784
1756090828700000000,113231.7,113451.45,0.11762,0.04129,113341.575,219.75,113394.351784
1756090828750000000,113231.68,113451.44,0.11762,0.59379,113341.56,219.76,113268.013719
1756090828800000000,113231.68,113451.44,0.11762,0.59379,113341.56,219.76,113268.013719
1756090828850000000,113231.68,113451.44,0.11762,0.59379,113341.56,219.76,113268.013719
1756090828900000000,113231.68,113451.44,0.11762,0.59379,113341.56,219.76,113268.013719
1756090828950000000,113231.68,113451.44,0.11762,0.59379,113341.56,219.76,113268.013719
1756090829000000000,113231.68,113451.44,0.11762,0.59379,113341.56,219.76,113268.013719
1756090829050000000,113231.68,113451.44,0.11762,0.59379,113341.56,219.76,113268.013719
1756090829100000000,113231.68,113451.44,0.11762,0.59379,113341.56,219.76,113268.013719
1756090829150000000,113231.68,113451.44,0.11762,0.59379,113341.56,219.76,113268.013719
1756090829200000000,113231.68,113451.44,0.11762,0.59379,113341.56,219.76,113268.013719
1756090829250000000,113231.68,113451.44,0.11762,0.59379,113341.56,219.76,113268.013719
1756090829300000000,113231.68,113451.44,0.11762,0.59379,113341.56,219.76,113268.013719
1756090829350000000,113231.68,113451.44,0.11762,0.59379,113341.56,219.76,113268.013719
1756090829400000000,113231.68,113451.44,0.11762,0.59379,113341.56,219.76,113268.013719
1756090829450000000,113231.68,113451.44,0.11762,0.59379,113341.56,219.76,113268.013719
1756090829500000000,113231.68,113451.44,0.11762,0.59379,113341.56,219.76,113268.013719
1756090829550000000,113231.68,113451.44,0.11762,0.59379,113341.56,219.76,113268.013719
1756090829600000000,113231.68,113451.44,0.11762,0.59379,113341.56,219.76,113268.013719
1756090829650000000,113231.69,113451.43,0.04,0.04129,113341.56,219.74,113339.816461
1756090829700000000,113231.69,113451.43,0.04,0.04129,113341.56,219.74,113339.816461
1756090829750000000,113231.7,113451.42,0.11762,0.59379,113341.56,219.72,113268.027106
1756090829800000000,113231.7,113451.42,0.11762,0.59379,113341.56,219.72,113268.027106
1756090829850000000,113231.7,113451.42,0.11762,0.59379,113341.56,219.72,113268.027106
1756090829900000000,113231.7,113451.42,0.11762,0.59379,113341.56,219.72,113268.027106
1756090829950000000,113231.7,113451.42,0.11762,0.59379,113341.56,219.72,113268.027106
1756090830000000000,113231.7,113451.42,0.11762,0.59379,113341.56,219.72,113268.027106
1756090830050000000,113231.7,113451.42,0.11762,0.59379,113341.56,219.72,113268.027106
1756090830100000000,113231.7,113451.42,0.11762,0.59379,113341.56,219.72,113268.027106
1756090830150000000,113231.7,113451.42,0.11762,0.59379,113341.56,219.72,113268.027106
1756090830200000000,113231.7,113451.42,0.11762,0.59379,113341.56,219.72,113268.027106
1756090830250000000,113231.7,113451.42,0.11762,0.59379,113341.56,219.72,113268.027106
1756090830300000000,113231.7,113451.42,0.11762,0.59379,113341.56,219.72,113268.027106
1756090830350000000,113231.7,113451.41,0.11762,0.21741,113341.555,219.71,113308.834257
1756090830400000000,113231.7,113451.41,0.11762,0.21741,113341.555,219.71,113308.834257
1756090830450000000,113231.7,113451.4,0.11762,0.59379,113341.55,219.7,113268.023799
1756090830500000000,113231.7,113451.4,0.11762,0.59379,113341.55,219.7,113268.023799
1756090830550000000,113231.7,113451.4,0.11762,0.59379,113341.55,219.7,113268.023799
1756090830600000000,113231.7,113451.4,0.11762,0.59379,113341.55,219.7,113268.023799
1756090830650000000,113231.71,113451.39,0.04,0.04129,113341.55,219.68,113339.806937
1756090830700000000,113231.71,113451.39,0.04,0.04129,113341.55,219.68,113339.806937
1756090830750000000,113231.72,113451.38,0.11762,0.59379,113341.55,219.66,113268.037186
1756090830800000000,113231.72,113451.38,0.11762,0.59379,113341.55,219.66,113268.037186
1756090830850000000,113231.72,113451.37,0.11762,0.00033,113341.545,219.65,113450.755464
1756090830900000000,113231.72,113451.37,0.11762,0.00033,113341.545,219.65,113450.755464
1756090830950000000,113231.72,113451.37,0.11762,0.00033,113341.545,219.65,113450.755464
1756090831000000000,113231.72,113451.37,0.11762,0.00033,113341.545,219.65,113450.755464
1756090831050000000,113231.72,113451.37,0.11762,0.00033,113341.545,219.65,113450.755464
1756090831100000000,113231.72,113451.37,0.11762,0.00033,113341.545,219.65,113450.755464
1756090831150000000,113231.72,113451.37,0.11762,0.00033,113341.545,219.65,113450.755464
1756090831200000000,113231.72,113451.37,0.11762,0.00033,113341.545,219.65,113450.755464
1756090831250000000,113231.72,113451.37,0.11762,0.00033,113341.545,219.65,113450.755464
1756090831300000000,113231.72,113451.37,0.11762,0.00033,113341.545,219.65,113450.755464
1756090831350000000,113231.72,113451.37,0.11762,0.00033,113341.545,219.65,113450.755464
1756090831400000000,113231.72,113451.37,0.11762,0.00033,113341.545,219.65,113450.755464
1756090831450000000,113231.72,113451.37,0.11762,0.00033,113341.545,219.65,113450.755464
1756090831500000000,113231.72,113451.37,0.11762,0.00033,113341.545,219.65,113450.755464
1756090831550000000,113231.72,113451.37,0.11762,0.00033,113341.545,219.65,113450.755464
1756090831600000000,113231.72,113451.37,0.11762,0.00033,113341.545,219.65,113450.755464
1756090831650000000,113231.72,113451.37,0.11762,0.00033,113341.545,219.65,113450.755464
1756090831700000000,113231.72,113451.37,0.11762,0.00033,113341.545,219.65,113450.755464
1756090831750000000,113231.72,113451.35,0.11762,0.04129,113341.535,219.63,113394.282964
1756090831800000000,113231.72,113451.35,0.11762,0.04129,113341.535,219.63,113394.282964
1756090831850000000,113231.68,113451.34,0.11762,0.59379,113341.51,219.66,113267.997186
1756090831900000000,113231.68,113451.34,0.11762,0.59379,113341.51,219.66,113267.997186
1756090831950000000,113231.68,113451.34,0.01752,0.59379,113341.51,219.66,113237.975404
1756090832000000000,113231.68,113451.34,0.01752,0.59379,113341.51,219.66,113237.975404
1756090832050000000,113231.68,113451.34,0.01752,0.59379,113341.51,219.66,113237.975404
1756090832100000000,113231.68,113451.34,0.01752,0.59379,113341.51,219.66,113237.975404
1756090832150000000,113231.68,113451.34,0.01752,0.59379,113341.51,219.66,113237.975404
1756090832200000000,113231.68,113451.34,0.01752,0.59379,113341.51,219.66,113237.975404
1756090832250000000,113231.68,113451.34,0.01752,0.59379,113341.51,219.66,113237.975404
1756090832300000000,113231.68,113451.34,0.01752,0.59379,113341.51,219.66,113237.975404
1756090832350000000,113231.68,113451.34,0.01752,0.59379,113341.51,219.66,113237.975404
1756090832400000000,113231.68,113451.34,0.01752,0.59379,113341.51,219.66,113237.975404
1756090832450000000,113231.68,113451.33,0.01752,0.04461,113341.505,219.65,113293.618967
1756090832500000000,113231.68,113451.33,0.01752,0.04461,113341.505,219.65,113293.618967
1756090832550000000,113231.68,113451.32,0.11762,0.59379,113341.5,219.64,113267.993879
1756090832600000000,113231.68,113451.32,0.11762,0.59379,113341.5,219.64,113267.993879
1756090832650000000,113231.68,113451.32,0.11762,0.59379,113341.5,219.64,113267.993879
1756090832700000000,113231.68,113451.32,0.11762,0.59379,113341.5,219.64,113267.993879
1756090832750000000,113231.68,113451.32,0.11762,0.59379,113341.5,219.64,113267.993879
1756090832800000000,113231.68,113451.32,0.11762,0.59379,113341.5,219.64,113267.993879
1756090832850000000,113231.68,113451.32,0.11762,0.59379,113341.5,219.64,113267.993879
1756090832900000000,113231.68,113451.32,0.11762,0.59379,113341.5,219.64,113267.993879
1756090832950000000,113231.68,113451.32,0.11762,0.59379,113341.5,219.64,113267.993879
1756090833000000000,113231.68,113451.32,0.11762,0.59379,113341.5,219.64,113267.993879
1756090833050000000,113231.68,113451.32,0.11762,0.59379,113341.5,219.64,113267.993879
1756090833100000000,113231.68,113451.32,0.11762,0.59379,113341.5,219.64,113267.993879
1756090833150000000,113231.68,113451.32,0.11762,0.59379,113341.5,219.64,113267.993879
1756090833200000000,113231.68,113451.32,0.11762,0.59379,113341.5,219.64,113267.993879
1756090833250000000,113231.69,113451.31,0.04809,0.04461,113341.5,219.62,113345.622317
1756090833300000000,113231.69,113451.31,0.04809,0.04461,113341.5,219.62,113345.622317
1756090833350000000,113231.7,113451.3,0.11762,0.59379,113341.5,219.6,113268.007266
1756090833400000000,113231.7,113451.3,0.11762,0.59379,113341.5,219.6,113268.007266
1756090833450000000,113231.7,113451.3,0.11762,0.59379,113341.5,219.6,113268.007266
1756090833500000000,113231.7,113451.3,0.11762,0.59379,113341.5,219.6,113268.007266
1756090833550000000,113231.7,113451.3,0.11762,0.59379,113341.5,219.6,113268.007266
1756090833600000000,113231.7,113451.3,0.11762,0.59379,113341.5,219.6,113268.007266
1756090833650000000,113231.7,113451.3,0.11762,0.59379,113341.5,219.6,113268.007266
1756090833700000000,113231.7,113451.3,0.11762,0.59379,113341.5,219.6,113268.007266
1756090833750000000,113231.7,113451.3,0.11762,0.59379,113341.5,219.6,113268.007266
1756090833800000000,113231.7,113451.3,0.11762,0.59379,113341.5,219.6,113268.007266
1756090833850000000,113231.7,113451.3,0.11762,0.59379,113341.5,219.6,113268.007266
1756090833900000000,113231.7,113451.3,0.11762,0.59379,113341.5,219.6,113268.007266
1756090833950000000,113231.7,113451.3,0.11762,0.59379,113341.5,219.6,113268.007266
1756090834000000000,113231.7,113451.3,0.11762,0.59379,113341.5,219.6,113268.007266
1756090834050000000,113231.7,113451.3,0.11762,0.59379,113341.5,219.6,113268.007266
1756090834100000000,113231.7,113451.3,0.11762,0.59379,113341.5,219.6,113268.007266
1756090834150000000,113231.7,113451.3,0.11762,0.59379,113341.5,219.6,113268.007266
1756090834200000000,113231.7,113451.3,0.11762,0.59379,113341.5,219.6,113268.007266
1756090834250000000,113231.69,113451.29,0.00809,0.04461,113341.49,219.6,113265.400892
1756090834300000000,113231.69,113451.29,0.00809,0.04461,113341.49,219.6,113265.400892
1756090834350000000,113231.69,113451.29,0.00809,0.04461,113341.49,219.6,113265.400892
1756090834400000000,113231.69,113451.29,0.00809,0.04461,113341.49,219.6,113265.400892
1756090834450000000,113231.69,113451.29,0.00809,0.04461,113341.49,219.6,113265.400892
1756090834500000000,113231.69,113451.29,0.00809,0.04461,113341.49,219.6,113265.400892
1756090834550000000,113231.69,113451.28,0.00809,0.00033,113341.485,219.59,113442.673741
1756090834600000000,113231.69,113451.28,0.00809,0.00033,113341.485,219.59,113442.673741
1756090834650000000,113231.69,113451.28,0.00809,0.00033,113341.485,219.59,113442.673741
1756090834700000000,113231.69,113451.28,0.00809,0.00033,113341.485,219.59,113442.673741
1756090834750000000,113231.69,113451.28,0.00809,0.00033,113341.485,219.59,113442.673741
1756090834800000000,113231.69,113451.28,0.00809,0.00033,113341.485,219.59,113442.673741
1756090834850000000,113231.69,113451.28,0.00809,0.00033,113341.485,219.59,113442.673741
1756090834900000000,113231.69,113451.28,0.00809,0.00033,113341.485,219.59,113442.673741
1756090834950000000,113231.69,113451.28,0.00809,0.00033,113341.485,219.59,113442.673741
1756090835000000000,113231.69,113451.28,0.00809,0.00033,113341.485,219.59,113442.673741
1756090835050000000,113231.69,113451.28,0.00809,0.00033,113341.485,219.59,113442.673741
1756090835100000000,113231.69,113451.28,0.00809,0.00033,113341.485,219.59,113442.673741
1756090835150000000,113231.69,113451.28,0.00809,0.00033,113341.485,219.59,113442.673741
1756090835200000000,113231.69,113451.28,0.00809,0.00033,113341.485,219.59,113442.673741
1756090835250000000,113231.69,113451.28,0.04809,0.00033,113341.485,219.59,113449.783414
1756090835300000000,113231.69,113451.28,0.04809,0.00033,113341.485,219.59,113449.783414
1756090835350000000,113231.69,113451.28,0.04809,0.00033,113341.485,219.59,113449.783414
1756090835400000000,113231.69,113451.28,0.04809,0.00033,113341.485,219.59,113449.783414
1756090835450000000,113231.69,113451.28,0.04809,0.00033,113341.485,219.59,113449.783414
1756090835500000000,113231.69,113451.28,0.04809,0.00033,113341.485,219.59,113449.783414
1756090835550000000,113231.69,113451.28,0.04809,0.00033,113341.485,219.59,113449.783414
1756090835600000000,113231.69,113451.28,0.04809,0.00033,113341.485,219.59,113449.783414
1756090835650000000,113231.69,113451.28,0.04809,0.00033,113341.485,219.59,113449.783414
1756090835700000000,113231.69,113451.28,0.04809,0.00033,113341.485,219.59,113449.783414
1756090835750000000,113231.69,113451.28,0.04809,0.00033,113341.485,219.59,113449.783414
1756090835800000000,113231.69,113451.28,0.04809,0.00033,113341.485,219.59,113449.783414
1756090835850000000,113231.69,113451.28,0.04809,0.00033,113341.485,219.59,113449.783414
1756090835900000000,113231.69,113451.28,0.04809,0.00033,113341.485,219.59,113449.783414
1756090835950000000,113231.7,113451.27,0.11787,0.34373,113341.485,219.57,113287.767409
1756090836000000000,113231.7,113451.27,0.11787,0.34373,113341.485,219.57,113287.767409
1756090836050000000,113231.7,113451.26,0.11787,0.59379,113341.48,219.56,113268.06503
1756090836100000000,113231.7,113451.26,0.11787,0.59379,113341.48,219.56,113268.06503
1756090836150000000,113231.7,113451.26,0.11787,0.59379,113341.48,219.56,113268.06503
1756090836200000000,113231.7,113451.26,0.11787,0.59379,113341.48,219.56,113268.06503
1756090836250000000,113231.7,113451.24,0.11787,0.04461,113341.47,219.54,113390.963785
1756090836300000000,113231.7,113451.24,0.11787,0.04461,113341.47,219.54,113390.963785
1756090836350000000,113231.7,113451.23,0.01777,0.59379,113341.465,219.53,113238.078848
1756090836400000000,113231.7,113451.23,0.01777,0.59379,113341.465,219.53,113238.078848
1756090836450000000,113231.7,113451.23,0.01777,0.59379,113341.465,219.53,113238.078848
1756090836500000000,113231.7,113451.23,0.01777,0.59379,113341.465,219.53,113238.078848
1756090836550000000,113231.7,113451.22,0.05777,0.04461,113341.46,219.52,113355.568631
1756090836600000000,113231.7,113451.22,0.05777,0.04461,113341.46,219.52,113355.568631
1756090836650000000,113231.7,113451.21,0.05777,0.59379,113341.455,219.51,113251.162663
1756090836700000000,113231.7,113451.21,0.05777,0.59379,113341.455,219.51,113251.162663
1756090836750000000,113231.7,113451.23,0.05777,0.59379,113341.465,219.53,113251.164436
1756090836800000000,113231.7,113451.23,0.05777,0.59379,113341.465,219.53,113251.164436
1756090836850000000,113231.7,113451.23,0.05777,0.59379,113341.465,219.53,113251.164436
1756090836900000000,113231.7,113451.23,0.05777,0.59379,113341.465,219.53,113251.164436
1756090836950000000,113231.7,113451.23,0.05777,0.59379,113341.465,219.53,113251.164436
1756090837000000000,113231.7,113451.23,0.05777,0.59379,113341.465,219.53,113251.164436
1756090837050000000,113231.7,113451.23,0.05777,0.59379,113341.465,219.53,113251.164436
1756090837100000000,113231.7,113451.23,0.05777,0.59379,113341.465,219.53,113251.164436
1756090837150000000,113231.7,113451.23,0.05777,0.59379,113341.465,219.53,113251.164436
1756090837200000000,113231.7,113451.23,0.05777,0.59379,113341.465,219.53,113251.164436
1756090837250000000,113231.7,113451.23,0.05777,0.59379,113341.465,219.53,113251.164436
1756090837300000000,113231.7,113451.23,0.05777,0.59379,113341.465,219.53,113251.164436
1756090837350000000,113231.7,113451.23,0.05777,0.59379,113341.465,219.53,113251.164436
1756090837400000000,113231.7,113451.23,0.05777,0.59379,113341.465,219.53,113251.164436
1756090837450000000,113231.7,113451.23,0.05777,0.59379,113341.465,219.53,113251.164436
1756090837500000000,113231.7,113451.23,0.05777,0.59379,113341.465,219.53,113251.164436
1756090837550000000,113231.7,113451.23,0.05777,0.59379,113341.465,219.53,113251.164436
1756090837600000000,113231.7,113451.23,0.05777,0.59379,113341.465,219.53,113251.164436
1756090837650000000,113231.7,113451.23,0.05777,0.59379,113341.465,219.53,113251.164436
1756090837700000000,113231.7,113451.23,0.05777,0.59379,113341.465,219.53,113251.164436
1756090837750000000,113231.7,113451.22,0.01777,0.00033,113341.46,219.52,113447.217702
1756090837800000000,113231.7,113451.22,0.01777,0.00033,113341.46,219.52,113447.217702
1756090837850000000,113231.7,113451.22,0.01777,0.00033,113341.46,219.52,113447.217702
1756090837900000000,113231.7,113451.22,0.01777,0.00033,113341.46,219.52,113447.217702
1756090837950000000,113231.7,113451.22,0.01777,0.00033,113341.46,219.52,113447.217702
1756090838000000000,113231.7,113451.22,0.01777,0.00033,113341.46,219.52,113447.217702
1756090838050000000,113231.7,113451.22,0.01777,0.00033,113341.46,219.52,113447.217702
1756090838100000000,113231.7,113451.22,0.01777,0.00033,113341.46,219.52,113447.217702
1756090838150000000,113231.7,113451.21,0.01777,0.00028,113341.455,219.51,113447.804859
1756090838200000000,113231.7,113451.21,0.01777,0.00028,113341.455,219.51,113447.804859
1756090838250000000,113231.7,113451.21,0.01777,0.00028,113341.455,219.51,113447.804859
1756090838300000000,113231.7,113451.21,0.01777,0.00028,113341.455,219.51,113447.804859
1756090838350000000,113231.7,113451.21,0.01777,0.00028,113341.455,219.51,113447.804859
1756090838400000000,113231.7,113451.21,0.01777,0.00028,113341.455,219.51,113447.804859
1756090838450000000,113231.7,113451.21,0.01777,0.00028,113341.455,219.51,113447.804859
1756090838500000000,113231.7,113451.21,0.01777,0.00028,113341.455,219.51,113447.804859
1756090838550000000,113231.7,113451.21,0.01777,0.00028,113341.455,219.51,113447.804859
1756090838600000000,113231.7,113451.21,0.01777,0.00028,113341.455,219.51,113447.804859
1756090838650000000,113231.7,113451.21,0.01777,0.00028,113341.455,219.51,113447.804859
1756090838700000000,113231.7,113451.21,0.01777,0.00028,113341.455,219.51,113447.804859
1756090838750000000,113231.7,113451.21,0.05777,0.00028,113341.455,219.51,113450.151209
1756090838800000000,113231.7,113451.21,0.05777,0.00028,113341.455,219.51,113450.151209
1756090838850000000,113231.71,113451.21,0.1001,0.00028,113341.46,219.5,113450.597727
1756090838900000000,113231.71,113451.21,0.1001,0.00028,113341.46,219.5,113450.597727
1756090838950000000,113231.71,113451.21,0.1001,0.00028,113341.46,219.5,113450.597727
1756090839000000000,113231.71,113451.21,0.1001,0.00028,113341.46,219.5,113450.597727
1756090839050000000,113231.71,113451.21,0.1001,0.00028,113341.46,219.5,113450.597727
1756090839100000000,113231.71,113451.21,0.1001,0.00028,113341.46,219.5,113450.597727
1756090839150000000,113231.71,113451.21,0.1001,0.00028,113341.46,219.5,113450.597727
1756090839200000000,113231.71,113451.21,0.1001,0.00028,113341.46,219.5,113450.597727
1756090839250000000,113231.72,113451.21,0.0044,0.00028,113341.465,219.49,113438.07812
1756090839300000000,113231.72,113451.21,0.0044,0.00028,113341.465,219.49,113438.07812
1756090839350000000,113231.73,113451.21,0.11787,0.00028,113341.47,219.48,113450.689861
1756090839400000000,113231.73,113451.21,0.11787,0.00028,113341.47,219.48,113450.689861
1756090839450000000,113231.73,113451.21,0.11787,0.00028,113341.47,219.48,113450.689861
1756090839500000000,113231.73,113451.21,0.11787,0.00028,113341.47,219.48,113450.689861
1756090839550000000,113231.73,113451.21,0.11787,0.00028,113341.47,219.48,113450.689861
1756090839600000000,113231.73,113451.21,0.11787,0.00028,113341.47,219.48,113450.689861
1756090839650000000,113231.73,113451.21,0.11787,0.00028,113341.47,219.48,113450.689861
1756090839700000000,113231.73,113451.21,0.11787,0.00028,113341.47,219.48,113450.689861
1756090839750000000,113231.73,113451.21,0.11787,0.00028,113341.47,219.48,113450.689861
1756090839800000000,113231.73,113451.21,0.11787,0.00028,113341.47,219.48,113450.689861
1756090839850000000,113231.73,113451.21,0.11787,0.00028,113341.47,219.48,113450.689861
1756090839900000000,113231.73,113451.21,0.11787,0.00028,113341.47,219.48,113450.689861
1756090839950000000,113231.73,113451.21,0.11787,0.00028,113341.47,219.48,113450.689861
1756090840000000000,113231.73,113451.21,0.11787,0.00028,113341.47,219.48,113450.689861
1756090840050000000,113231.73,113451.21,0.11787,0.00028,113341.47,219.48,113450.689861
1756090840100000000,113231.73,113451.21,0.11787,0.00028,113341.47,219.48,113450.689861
1756090840150000000,113231.73,113451.18,0.11787,0.21741,113341.455,219.45,113308.879163
1756090840200000000,113231.73,113451.18,0.11787,0.21741,113341.455,219.45,113308.879163
1756090840250000000,113231.74,113451.17,0.04,0.63464,113341.455,219.43,113244.750198
1756090840300000000,113231.74,113451.17,0.04,0.63464,113341.455,219.43,113244.750198
1756090840350000000,113231.75,113451.16,0.11787,0.04085,113341.455,219.41,113394.690125
1756090840400000000,113231.75,113451.16,0.11787,0.04085,113341.455,219.41,113394.690125
1756090840450000000,113231.75,113451.15,0.11787,0.59379,113341.45,219.4,113268.08853
1756090840500000000,113231.75,113451.15,0.11787,0.59379,113341.45,219.4,113268.08853
1756090840550000000,113231.75,113451.15,0.11787,0.59379,113341.45,219.4,113268.08853
1756090840600000000,113231.75,113451.15,0.11787,0.59379,113341.45,219.4,113268.08853
1756090840650000000,113231.75,113451.15,0.11787,0.59379,113341.45,219.4,113268.08853
1756090840700000000,113231.75,113451.15,0.11787,0.59379,113341.45,219.4,113268.08853
1756090840750000000,113231.75,113451.15,0.11787,0.59379,113341.45,219.4,113268.08853
1756090840800000000,113231.75,113451.15,0.11787,0.59379,113341.45,219.4,113268.08853
1756090840850000000,113231.75,113451.15,0.11787,0.59379,113341.45,219.4,113268.08853
1756090840900000000,113231.75,113451.15,0.11787,0.59379,113341.45,219.4,113268.08853
1756090840950000000,113231.75,113451.15,0.11787,0.59379,113341.45,219.4,113268.08853
1756090841000000000,113231.75,113451.15,0.11787,0.59379,113341.45,219.4,113268.08853
1756090841050000000,113231.75,113451.15,0.11787,0.59379,113341.45,219.4,113268.08853
1756090841100000000,113231.75,113451.15,0.11787,0.59379,113341.45,219.4,113268.08853
1756090841150000000,113231.75,113451.15,0.11787,0.59379,113341.45,219.4,113268.08853
1756090841200000000,113231.75,113451.15,0.11787,0.59379,113341.45,219.4,113268.08853
1756090841250000000,113231.75,113451.15,0.11787,0.59379,113341.45,219.4,113268.08853
1756090841300000000,113231.75,113451.15,0.11787,0.59379,113341.45,219.4,113268.08853
1756090841350000000,113231.76,113451.14,0.04,0.04159,113341.45,219.38,113339.312396
1756090841400000000,113231.76,113451.14,0.04,0.04159,113341.45,219.38,113339.312396
1756090841450000000,113231.77,113451.13,0.11787,0.59379,113341.45,219.36,113268.101905
1756090841500000000,113231.77,113451.13,0.11787,0.59379,113341.45,219.36,113268.101905
1756090841550000000,113231.77,113451.13,0.11787,0.59379,113341.45,219.36,113268.101905
1756090841600000000,113231.77,113451.13,0.11787,0.59379,113341.45,219.36,113268.101905
1756090841650000000,113231.77,113451.13,0.11787,0.59379,113341.45,219.36,113268.101905
1756090841700000000,113231.77,113451.13,0.11787,0.59379,113341.45,219.36,113268.101905
1756090841750000000,113231.77,113451.13,0.11787,0.59379,113341.45,219.36,113268.101905
1756090841800000000,113231.77,113451.13,0.11787,0.59379,113341.45,219.36,113268.101905
1756090841850000000,113231.77,113451.13,0.11787,0.59379,113341.45,219.36,113268.101905
1756090841900000000,113231.77,113451.13,0.11787,0.59379,113341.45,219.36,113268.101905
1756090841950000000,113231.77,113451.13,0.11787,0.59379,113341.45,219.36,113268.101905
1756090842000000000,113231.77,113451.13,0.11787,0.59379,113341.45,219.36,113268.101905
1756090842050000000,113231.77,113451.13,0.11787,0.59379,113341.45,219.36,113268.101905
1756090842100000000,113231.77,113451.13,0.11787,0.59379,113341.45,219.36,113268.101905
1756090842150000000,113231.78,113451.13,0.00721,0.59379,113341.455,219.35,113234.41147
1756090842200000000,113231.78,113451.13,0.00721,0.59379,113341.455,219.35,113234.41147
1756090842250000000,113231.79,113451.13,0.11787,0.59379,113341.46,219.34,113268.118592
1756090842300000000,113231.79,113451.13,0.11787,0.59379,113341.46,219.34,113268.118592
1756090842350000000,113231.8,113451.12,0.04,0.04159,113341.46,219.32,113339.322981
1756090842400000000,113231.8,113451.12,0.04,0.04159,113341.46,219.32,113339.322981
1756090842450000000,113231.81,113451.11,0.11787,0.59379,113341.46,219.3,113268.131967
1756090842500000000,113231.81,113451.11,0.11787,0.59379,113341.46,219.3,113268.131967
1756090842550000000,113231.81,113451.11,0.11787,0.59379,113341.46,219.3,113268.131967
1756090842600000000,113231.81,113451.11,0.11787,0.59379,113341.46,219.3,113268.131967
1756090842650000000,113231.81,113451.11,0.11787,0.59379,113341.46,219.3,113268.131967
1756090842700000000,113231.81,113451.11,0.11787,0.59379,113341.46,219.3,113268.131967
1756090842750000000,113231.81,113451.1,0.11787,0.00028,113341.455,219.29,113450.580311
1756090842800000000,113231.81,113451.1,0.11787,0.00028,113341.455,219.29,113450.580311
1756090842850000000,113231.81,113451.1,0.11787,0.00028,113341.455,219.29,113450.580311
1756090842900000000,113231.81,113451.1,0.11787,0.00028,113341.455,219.29,113450.580311
1756090842950000000,113231.81,113451.1,0.11787,0.00028,113341.455,219.29,113450.580311
1756090843000000000,113231.81,113451.1,0.11787,0.00028,113341.455,219.29,113450.580311
1756090843050000000,113231.81,113451.1,0.11787,0.00028,113341.455,219.29,113450.580311
1756090843100000000,113231.81,113451.1,0.11787,0.00028,113341.455,219.29,113450.580311
1756090843150000000,113231.81,113451.1,0.11787,0.00028,113341.455,219.29,113450.580311
1756090843200000000,113231.81,113451.1,0.11787,0.00028,113341.455,219.29,113450.580311
1756090843250000000,113231.81,113451.1,0.11787,0.00028,113341.455,219.29,113450.580311
1756090843300000000,113231.81,113451.1,0.11787,0.00028,113341.455,219.29,113450.580311
1756090843350000000,113231.81,113451.1,0.11787,0.00028,113341.455,219.29,113450.580311
1756090843400000000,113231.81,113451.1,0.11787,0.00028,113341.455,219.29,113450.580311
1756090843450000000,113231.81,113451.1,0.11787,0.00028,113341.455,219.29,113450.580311
1756090843500000000,113231.81,113451.1,0.11787,0.00028,113341.455,219.29,113450.580311
1756090843550000000,113231.81,113451.1,0.11787,0.00028,113341.455,219.29,113450.580311
1756090843600000000,113231.81,113451.1,0.11787,0.00028,113341.455,219.29,113450.580311
1756090843650000000,113231.81,113451.1,0.11787,0.00028,113341.455,219.29,113450.580311
1756090843700000000,113231.81,113451.1,0.11787,0.00028,113341.455,219.29,113450.580311
1756090843750000000,113231.81,113451.1,0.11787,0.00028,113341.455,219.29,113450.580311
1756090843800000000,113231.81,113451.1,0.11787,0.00028,113341.455,219.29,113450.580311
1756090843850000000,113231.81,113451.1,0.11787,0.00028,113341.455,219.29,113450.580311
1756090843900000000,113231.81,113451.1,0.11787,0.00028,113341.455,219.29,113450.580311
1756090843950000000,113231.81,113451.1,0.11787,0.00028,113341.455,219.29,113450.580311
1756090844000000000,113231.81,113451.1,0.11787,0.00028,113341.455,219.29,113450.580311
1756090844050000000,113231.81,113451.1,0.11787,0.00028,113341.455,219.29,113450.580311
1756090844100000000,113231.81,113451.1,0.11787,0.00028,113341.455,219.29,113450.580311
1756090844150000000,113231.8,113451.1,0.04,0.00028,113341.45,219.3,113449.575571
1756090844200000000,113231.8,113451.1,0.04,0.00028,113341.45,219.3,113449.575571
1756090844250000000,113231.81,113451.1,0.11787,0.00028,113341.455,219.29,113450.580311
1756090844300000000,113231.81,113451.1,0.11787,0.00028,113341.455,219.29,113450.580311
1756090844350000000,113231.81,113451.1,0.11787,0.00028,113341.455,219.29,113450.580311
1756090844400000000,113231.81,113451.1,0.11787,0.00028,113341.455,219.29,113450.580311
1756090844450000000,113231.81,113451.1,0.11787,0.00028,113341.455,219.29,113450.580311
1756090844500000000,113231.81,113451.1,0.11787,0.00028,113341.455,219.29,113450.580311
1756090844550000000,113231.81,113451.1,0.11787,0.00028,113341.455,219.29,113450.580311
1756090844600000000,113231.81,113451.1,0.11787,0.00028,113341.455,219.29,113450.580311
1756090844650000000,113231.81,113451.1,0.11787,0.00028,113341.455,219.29,113450.580311
1756090844700000000,113231.81,113451.1,0.11787,0.00028,113341.455,219.29,113450.580311
1756090844750000000,113231.81,113451.1,0.11787,0.00028,113341.455,219.29,113450.580311
1756090844800000000,113231.81,113451.1,0.11787,0.00028,113341.455,219.29,113450.580311
1756090844850000000,113231.81,113451.1,0.11787,0.00028,113341.455,219.29,113450.580311
1756090844900000000,113231.81,113451.1,0.11787,0.00028,113341.455,219.29,113450.580311
1756090844950000000,113231.81,113451.1,0.11787,0.00028,113341.455,219.29,113450.580311
1756090845000000000,113231.81,113451.1,0.11787,0.00028,113341.455,219.29,113450.580311
1756090845050000000,113231.81,113451.1,0.11787,0.00028,113341.455,219.29,113450.580311
1756090845100000000,113231.81,113451.1,0.11787,0.00028,113341.455,219.29,113450.580311
1756090845150000000,113231.81,113451.08,0.11787,0.04159,113341.445,219.27,113393.89049
1756090845200000000,113231.81,113451.08,0.11787,0.04159,113341.445,219.27,113393.89049
1756090845250000000,113231.79,113451.08,0.11787,0.04159,113341.435,219.29,113393.885273
1756090845300000000,113231.79,113451.08,0.11787,0.04159,113341.435,219.29,113393.885273
1756090845350000000,113231.79,113451.08,0.11787,0.04159,113341.435,219.29,113393.885273
1756090845400000000,113231.79,113451.08,0.11787,0.04159,113341.435,219.29,113393.885273
1756090845450000000,113231.79,113451.08,0.11787,0.04159,113341.435,219.29,113393.885273
1756090845500000000,113231.79,113451.08,0.11787,0.04159,113341.435,219.29,113393.885273
1756090845550000000,113231.79,113451.08,0.11787,0.04159,113341.435,219.29,113393.885273
1756090845600000000,113231.79,113451.08,0.11787,0.04159,113341.435,219.29,113393.885273
1756090845650000000,113231.79,113451.08,0.11787,0.04159,113341.435,219.29,113393.885273
1756090845700000000,113231.79,113451.08,0.11787,0.04159,113341.435,219.29,113393.885273
1756090845750000000,113231.79,113451.08,0.11787,0.04159,113341.435,219.29,113393.885273
1756090845800000000,113231.79,113451.08,0.11787,0.04159,113341.435,219.29,113393.885273
1756090845850000000,113231.79,113451.08,0.11787,0.04159,113341.435,219.29,113393.885273
1756090845900000000,113231.79,113451.08,0.11787,0.04159,113341.435,219.29,113393.885273
1756090845950000000,113231.79,113451.08,0.11787,0.04159,113341.435,219.29,113393.885273
1756090846000000000,113231.79,113451.08,0.11787,0.04159,113341.435,219.29,113393.885273
1756090846050000000,113231.79,113451.08,0.11787,0.04159,113341.435,219.29,113393.885273
1756090846100000000,113231.79,113451.08,0.11787,0.04159,113341.435,219.29,113393.885273
1756090846150000000,113231.8,113451.08,0.04,0.04159,113341.44,219.28,113339.303371
1756090846200000000,113231.8,113451.08,0.04,0.04159,113341.44,219.28,113339.303371
1756090846250000000,113231.81,113451.08,0.11787,0.04159,113341.445,219.27,113393.89049
1756090846300000000,113231.81,113451.08,0.11787,0.04159,113341.445,219.27,113393.89049
1756090846350000000,113231.81,113451.08,0.11787,0.04159,113341.445,219.27,113393.89049
1756090846400000000,113231.81,113451.08,0.11787,0.04159,113341.445,219.27,113393.89049
1756090846450000000,113231.81,113451.08,0.11787,0.04159,113341.445,219.27,113393.89049
1756090846500000000,113231.81,113451.08,0.11787,0.04159,113341.445,219.27,113393.89049
1756090846550000000,113231.81,113451.08,0.11787,0.04159,113341.445,219.27,113393.89049
1756090846600000000,113231.81,113451.08,0.11787,0.04159,113341.445,219.27,113393.89049
1756090846650000000,113231.81,113451.08,0.11787,0.04159,113341.445,219.27,113393.89049
1756090846700000000,113231.81,113451.08,0.11787,0.04159,113341.445,219.27,113393.89049
1756090846750000000,113231.81,113451.08,0.11787,0.04159,113341.445,219.27,113393.89049
1756090846800000000,113231.81,113451.08,0.11787,0.04159,113341.445,219.27,113393.89049
1756090846850000000,113231.81,113451.08,0.11787,0.04159,113341.445,219.27,113393.89049
1756090846900000000,113231.81,113451.08,0.11787,0.04159,113341.445,219.27,113393.89049
1756090846950000000,113231.81,113451.08,0.11787,0.04159,113341.445,219.27,113393.89049
1756090847000000000,113231.81,113451.08,0.11787,0.04159,113341.445,219.27,113393.89049
1756090847050000000,113231.81,113451.08,0.11787,0.04159,113341.445,219.27,113393.89049
1756090847100000000,113231.81,113451.08,0.11787,0.04159,113341.445,219.27,113393.89049
1756090847150000000,113231.82,113451.08,0.00483,0.04159,113341.45,219.26,113254.633998
1756090847200000000,113231.82,113451.08,0.00483,0.04159,113341.45,219.26,113254.633998
1756090847250000000,113231.83,113451.07,0.11787,0.00028,113341.45,219.24,113450.55043
1756090847300000000,113231.83,113451.07,0.11787,0.00028,113341.45,219.24,113450.55043
1756090847350000000,113231.83,113451.07,0.11787,0.00028,113341.45,219.24,113450.55043
1756090847400000000,113231.83,113451.07,0.11787,0.00028,113341.45,219.24,113450.55043
1756090847450000000,113231.83,113451.07,0.11787,0.00028,113341.45,219.24,113450.55043
1756090847500000000,113231.83,113451.07,0.11787,0.00028,113341.45,219.24,113450.55043
1756090847550000000,113231.83,113451.07,0.11787,0.00028,113341.45,219.24,113450.55043
1756090847600000000,113231.83,113451.07,0.11787,0.00028,113341.45,219.24,113450.55043
1756090847650000000,113231.83,113451.07,0.11787,0.00028,113341.45,219.24,113450.55043
1756090847700000000,113231.83,113451.07,0.11787,0.00028,113341.45,219.24,113450.55043
1756090847750000000,113231.83,113451.07,0.11787,0.00028,113341.45,219.24,113450.55043
1756090847800000000,113231.83,113451.07,0.11787,0.00028,113341.45,219.24,113450.55043
1756090847850000000,113231.83,113451.07,0.11787,0.00028,113341.45,219.24,113450.55043
1756090847900000000,113231.83,113451.07,0.11787,0.00028,113341.45,219.24,113450.55043
1756090847950000000,113231.83,113451.07,0.11787,0.00028,113341.45,219.24,113450.55043
1756090848000000000,113231.83,113451.07,0.11787,0.00028,113341.45,219.24,113450.55043
1756090848050000000,113231.83,113451.07,0.11787,0.00028,113341.45,219.24,113450.55043
1756090848100000000,113231.83,113451.07,0.11787,0.00028,113341.45,219.24,113450.55043
1756090848150000000,113231.83,113451.07,0.11787,0.00028,113341.45,219.24,113450.55043
1756090848200000000,113231.83,113451.07,0.11787,0.00028,113341.45,219.24,113450.55043
1756090848250000000,113231.83,113451.07,0.11787,0.00028,113341.45,219.24,113450.55043
1756090848300000000,113231.83,113451.07,0.11787,0.00028,113341.45,219.24,113450.55043
1756090848350000000,113231.83,113451.07,0.11787,0.00028,113341.45,219.24,113450.55043
1756090848400000000,113231.83,113451.07,0.11787,0.00028,113341.45,219.24,113450.55043
1756090848450000000,113231.83,113451.07,0.11787,0.00028,113341.45,219.24,113450.55043
1756090848500000000,113231.83,113451.07,0.11787,0.00028,113341.45,219.24,113450.55043
1756090848550000000,113231.83,113451.07,0.11787,0.00028,113341.45,219.24,113450.55043
1756090848600000000,113231.83,113451.07,0.11787,0.00028,113341.45,219.24,113450.55043
1756090848650000000,113231.83,113451.07,0.11787,0.00028,113341.45,219.24,113450.55043
1756090848700000000,113231.83,113451.07,0.11787,0.00028,113341.45,219.24,113450.55043
1756090848750000000,113231.83,113451.07,0.11787,0.00028,113341.45,219.24,113450.55043
1756090848800000000,113231.83,113451.07,0.11787,0.00028,113341.45,219.24,113450.55043
1756090848850000000,113231.83,113451.07,0.11787,0.00028,113341.45,219.24,113450.55043
1756090848900000000,113231.83,113451.07,0.11787,0.00028,113341.45,219.24,113450.55043
1756090848950000000,113231.83,113451.07,0.11787,0.00028,113341.45,219.24,113450.55043
1756090849000000000,113231.83,113451.07,0.11787,0.00028,113341.45,219.24,113450.55043
1756090849050000000,113231.84,113451.07,0.04,0.00028,113341.455,219.23,113449.546058
1756090849100000000,113231.84,113451.07,0.04,0.00028,113341.455,219.23,113449.546058
1756090849150000000,113231.85,113451.07,0.11787,0.00028,113341.46,219.22,113450.550477
1756090849200000000,113231.85,113451.07,0.11787,0.00028,113341.46,219.22,113450.550477
1756090849250000000,113231.85,113451.07,0.11787,0.00028,113341.46,219.22,113450.550477
1756090849300000000,113231.85,113451.07,0.11787,0.00028,113341.46,219.22,113450.550477
1756090849350000000,113231.85,113451.07,0.11787,0.00028,113341.46,219.22,113450.550477
1756090849400000000,113231.85,113451.07,0.11787,0.00028,113341.46,219.22,113450.550477
1756090849450000000,113231.85,113451.07,0.11787,0.00028,113341.46,219.22,113450.550477
1756090849500000000,113231.85,113451.07,0.11787,0.00028,113341.46,219.22,113450.550477
1756090849550000000,113231.85,113451.07,0.11787,0.00028,113341.46,219.22,113450.550477
1756090849600000000,113231.85,113451.07,0.11787,0.00028,113341.46,219.22,113450.550477
1756090849650000000,113231.85,113451.07,0.11787,0.00028,113341.46,219.22,113450.550477
1756090849700000000,113231.85,113451.07,0.11787,0.00028,113341.46,219.22,113450.550477
1756090849750000000,113231.85,113451.07,0.11787,0.00028,113341.46,219.22,113450.550477
1756090849800000000,113231.85,113451.07,0.11787,0.00028,113341.46,219.22,113450.550477
1756090849850000000,113231.85,113451.07,0.11787,0.00028,113341.46,219.22,113450.550477
1756090849900000000,113231.85,113451.07,0.11787,0.00028,113341.46,219.22,113450.550477
1756090849950000000,113231.85,113451.07,0.11787,0.00028,113341.46,219.22,113450.550477
1756090850000000000,113231.85,113451.07,0.11787,0.00028,113341.46,219.22,113450.550477
1756090850050000000,113231.85,113451.07,0.11787,0.00028,113341.46,219.22,113450.550477
1756090850100000000,113231.85,113451.07,0.11787,0.00028,113341.46,219.22,113450.550477
1756090850150000000,113231.85,113451.07,0.11787,0.00028,113341.46,219.22,113450.550477
1756090850200000000,113231.85,113451.07,0.11787,0.00028,113341.46,219.22,113450.550477
1756090850250000000,113231.84,113451.07,0.04,0.00028,113341.455,219.23,113449.546058
1756090850300000000,113231.84,113451.07,0.04,0.00028,113341.455,219.23,113449.546058
1756090850350000000,113231.85,113451.07,0.11787,0.00028,113341.46,219.22,113450.550477
1756090850400000000,113231.85,113451.07,0.11787,0.00028,113341.46,219.22,113450.550477
1756090850450000000,113231.85,113451.07,0.11787,0.00028,113341.46,219.22,113450.550477
1756090850500000000,113231.85,113451.07,0.11787,0.00028,113341.46,219.22,113450.550477
1756090850550000000,113231.85,113451.07,0.11787,0.00028,113341.46,219.22,113450.550477
1756090850600000000,113231.85,113451.07,0.11787,0.00028,113341.46,219.22,113450.550477
1756090850650000000,113231.85,113451.07,0.11787,0.00028,113341.46,219.22,113450.550477
1756090850700000000,113231.85,113451.07,0.11787,0.00028,113341.46,219.22,113450.550477
1756090850750000000,113231.85,113451.07,0.11787,0.00028,113341.46,219.22,113450.550477
1756090850800000000,113231.85,113451.07,0.11787,0.00028,113341.46,219.22,113450.550477
1756090850850000000,113231.85,113451.07,0.11787,0.00028,113341.46,219.22,113450.550477
1756090850900000000,113231.85,113451.07,0.11787,0.00028,113341.46,219.22,113450.550477
1756090850950000000,113231.85,113451.07,0.11787,0.00028,113341.46,219.22,113450.550477
1756090851000000000,113231.85,113451.07,0.11787,0.00028,113341.46,219.22,113450.550477
1756090851050000000,113231.85,113451.06,0.11787,0.09721,113341.455,219.21,113351.983358
1756090851100000000,113231.85,113451.06,0.11787,0.09721,113341.455,219.21,113351.983358
1756090851150000000,113231.85,113451.06,0.11787,0.09721,113341.455,219.21,113351.983358
1756090851200000000,113231.85,113451.06,0.11787,0.09721,113341.455,219.21,113351.983358
1756090851250000000,113231.85,113451.05,0.11787,0.00033,113341.45,219.2,113450.43802
1756090851300000000,113231.85,113451.05,0.11787,0.00033,113341.45,219.2,113450.43802
1756090851350000000,113231.86,113451.04,0.11787,0.09721,113341.45,219.18,113351.976917
1756090851400000000,113231.86,113451.04,0.11787,0.09721,113341.45,219.18,113351.976917
1756090851450000000,113231.84,113451.03,0.04,0.04159,113341.435,219.19,113339.299247
1756090851500000000,113231.84,113451.03,0.04,0.04159,113341.435,219.19,113339.299247
1756090851550000000,113231.85,113451.03,0.11787,0.04159,113341.44,219.18,113393.863963
1756090851600000000,113231.85,113451.03,0.11787,0.04159,113341.44,219.18,113393.863963
1756090851650000000,113231.85,113451.03,0.11787,0.04159,113341.44,219.18,113393.863963
1756090851700000000,113231.85,113451.03,0.11787,0.04159,113341.44,219.18,113393.863963
1756090851750000000,113231.85,113451.03,0.11787,0.04159,113341.44,219.18,113393.863963
1756090851800000000,113231.85,113451.03,0.11787,0.04159,113341.44,219.18,113393.863963
1756090851850000000,113231.85,113451.03,0.11787,0.04159,113341.44,219.18,113393.863963
1756090851900000000,113231.85,113451.03,0.11787,0.04159,113341.44,219.18,113393.863963
1756090851950000000,113231.85,113451.03,0.11787,0.04159,113341.44,219.18,113393.863963
1756090852000000000,113231.85,113451.03,0.11787,0.04159,113341.44,219.18,113393.863963
1756090852050000000,113231.85,113451.03,0.11787,0.04159,113341.44,219.18,113393.863963
1756090852100000000,113231.85,113451.03,0.11787,0.04159,113341.44,219.18,113393.863963
1756090852150000000,113231.85,113451.03,0.11787,0.04159,113341.44,219.18,113393.863963
1756090852200000000,113231.85,113451.03,0.11787,0.04159,113341.44,219.18,113393.863963
1756090852250000000,113231.85,113451.03,0.11787,0.04159,113341.44,219.18,113393.863963
1756090852300000000,113231.85,113451.03,0.11787,0.04159,113341.44,219.18,113393.863963
1756090852350000000,113231.85,113451.03,0.11787,0.04159,113341.44,219.18,113393.863963
1756090852400000000,113231.85,113451.03,0.11787,0.04159,113341.44,219.18,113393.863963
1756090852450000000,113231.85,113451.03,0.11787,0.04159,113341.44,219.18,113393.863963
1756090852500000000,113231.85,113451.03,0.11787,0.04159,113341.44,219.18,113393.863963
1756090852550000000,113231.84,113451.03,0.04,0.04159,113341.435,219.19,113339.299247
1756090852600000000,113231.84,113451.03,0.04,0.04159,113341.435,219.19,113339.299247
1756090852650000000,113231.85,113451.03,0.11787,0.04159,113341.44,219.18,113393.863963
1756090852700000000,113231.85,113451.03,0.11787,0.04159,113341.44,219.18,113393.863963
1756090852750000000,113231.85,113451.03,0.11787,0.04159,113341.44,219.18,113393.863963
1756090852800000000,113231.85,113451.03,0.11787,0.04159,113341.44,219.18,113393.863963
1756090852850000000,113231.85,113451.03,0.11787,0.04159,113341.44,219.18,113393.863963
1756090852900000000,113231.85,113451.03,0.11787,0.04159,113341.44,219.18,113393.863963
1756090852950000000,113231.85,113451.03,0.11787,0.04159,113341.44,219.18,113393.863963
1756090853000000000,113231.85,113451.03,0.11787,0.04159,113341.44,219.18,113393.863963
1756090853050000000,113231.85,113451.03,0.11787,0.04159,113341.44,219.18,113393.863963
1756090853100000000,113231.85,113451.03,0.11787,0.04159,113341.44,219.18,113393.863963
1756090853150000000,113231.86,113451.03,0.00781,0.04159,113341.445,219.17,113266.510156
1756090853200000000,113231.86,113451.03,0.00781,0.04159,113341.445,219.17,113266.510156
1756090853250000000,113231.87,113451.03,0.11787,0.04159,113341.45,219.16,113393.86918
1756090853300000000,113231.87,113451.03,0.11787,0.04159,113341.45,219.16,113393.86918
1756090853350000000,113231.87,113451.03,0.11787,0.04159,113341.45,219.16,113393.86918
1756090853400000000,113231.87,113451.03,0.11787,0.04159,113341.45,219.16,113393.86918
1756090853450000000,113231.87,113451.03,0.11787,0.04159,113341.45,219.16,113393.86918
1756090853500000000,113231.87,113451.03,0.11787,0.04159,113341.45,219.16,113393.86918
1756090853550000000,113231.87,113451.03,0.11787,0.04159,113341.45,219.16,113393.86918
1756090853600000000,113231.87,113451.03,0.11787,0.04159,113341.45,219.16,113393.86918
1756090853650000000,113231.87,113451.03,0.11787,0.04159,113341.45,219.16,113393.86918
1756090853700000000,113231.87,113451.03,0.11787,0.04159,113341.45,219.16,113393.86918
1756090853750000000,113231.87,113451.03,0.11787,0.04159,113341.45,219.16,113393.86918
1756090853800000000,113231.87,113451.03,0.11787,0.04159,113341.45,219.16,113393.86918
1756090853850000000,113231.87,113451.03,0.11787,0.04159,113341.45,219.16,113393.86918
1756090853900000000,113231.87,113451.03,0.11787,0.04159,113341.45,219.16,113393.86918
1756090853950000000,113231.87,113451.03,0.11787,0.04159,113341.45,219.16,113393.86918
1756090854000000000,113231.87,113451.03,0.11787,0.04159,113341.45,219.16,113393.86918
1756090854050000000,113231.87,113451.03,0.11787,0.04159,113341.45,219.16,113393.86918
1756090854100000000,113231.87,113451.03,0.11787,0.04159,113341.45,219.16,113393.86918
1756090854150000000,113231.87,113451.03,0.11787,0.04159,113341.45,219.16,113393.86918
1756090854200000000,113231.87,113451.03,0.11787,0.04159,113341.45,219.16,113393.86918
1756090854250000000,113231.87,113451.03,0.11787,0.04159,113341.45,219.16,113393.86918
1756090854300000000,113231.87,113451.03,0.11787,0.04159,113341.45,219.16,113393.86918
1756090854350000000,113231.87,113451.03,0.11787,0.04159,113341.45,219.16,113393.86918
1756090854400000000,113231.88,113451.02,0.04,0.00033,113341.45,219.14,113449.226888
1756090854450000000,113231.88,113451.02,0.04,0.00033,113341.45,219.14,113449.226888
1756090854500000000,113231.89,113451.02,0.11787,0.00033,113341.455,219.13,113450.408216
1756090854550000000,113231.89,113451.02,0.11787,0.00033,113341.455,219.13,113450.408216
1756090854600000000,113231.89,113451.02,0.11787,0.00033,113341.455,219.13,113450.408216
1756090854650000000,113231.89,113451.02,0.11787,0.00033,113341.455,219.13,113450.408216
1756090854700000000,113231.89,113451.02,0.11787,0.00033,113341.455,219.13,113450.408216
1756090854750000000,113231.89,113451.02,0.11787,0.00033,113341.455,219.13,113450.408216
1756090854800000000,113231.89,113451.02,0.11787,0.00033,113341.455,219.13,113450.408216
1756090854850000000,113231.89,113451.02,0.11787,0.00033,113341.455,219.13,113450.408216
1756090854900000000,113231.89,113451.02,0.11787,0.00033,113341.455,219.13,113450.408216
1756090854950000000,113231.89,113451.02,0.11787,0.00033,113341.455,219.13,113450.408216
1756090855000000000,113231.89,113451.02,0.11787,0.00033,113341.455,219.13,113450.408216
1756090855050000000,113231.89,113451.02,0.11787,0.00033,113341.455,219.13,113450.408216
1756090855100000000,113231.89,113451.02,0.11787,0.00033,113341.455,219.13,113450.408216
1756090855150000000,113231.89,113451.02,0.11787,0.00033,113341.455,219.13,113450.408216
1756090855200000000,113231.89,113451.02,0.11787,0.00033,113341.455,219.13,113450.408216
1756090855250000000,113231.89,113451.02,0.11787,0.00033,113341.455,219.13,113450.408216
1756090855300000000,113231.89,113451.02,0.11787,0.00033,113341.455,219.13,113450.408216
1756090855350000000,113231.89,113451.02,0.11787,0.00033,113341.455,219.13,113450.408216
1756090855400000000,113231.89,113451.02,0.11787,0.00033,113341.455,219.13,113450.408216
1756090855450000000,113231.89,113451.02,0.11787,0.00033,113341.455,219.13,113450.408216
1756090855500000000,113231.89,113451.02,0.11787,0.00033,113341.455,219.13,113450.408216
1756090855550000000,113231.89,113451.02,0.11787,0.00033,113341.455,219.13,113450.408216
1756090855600000000,113231.89,113451.02,0.11787,0.00033,113341.455,219.13,113450.408216
1756090855650000000,113231.89,113451.02,0.11787,0.00033,113341.455,219.13,113450.408216
1756090855700000000,113231.89,113451.02,0.11787,0.00033,113341.455,219.13,113450.408216
1756090855750000000,113231.89,113451.02,0.11787,0.00033,113341.455,219.13,113450.408216
1756090855800000000,113231.89,113451.02,0.11787,0.00033,113341.455,219.13,113450.408216
1756090855850000000,113231.89,113451.02,0.11787,0.00033,113341.455,219.13,113450.408216
1756090855900000000,113231.89,113451.02,0.11787,0.00033,113341.455,219.13,113450.408216
1756090855950000000,113231.89,113451.02,0.11787,0.00033,113341.455,219.13,113450.408216
1756090856000000000,113231.89,113451.02,0.11787,0.00033,113341.455,219.13,113450.408216
1756090856050000000,113231.89,113451.02,0.11787,0.00033,113341.455,219.13,113450.408216
1756090856100000000,113231.89,113451.02,0.11787,0.00033,113341.455,219.13,113450.408216
1756090856150000000,113231.89,113451.02,0.11787,0.00033,113341.455,219.13,113450.408216
1756090856200000000,113231.89,113451.02,0.11787,0.00033,113341.455,219.13,113450.408216
1756090856250000000,113231.89,113451.02,0.11787,0.00033,113341.455,219.13,113450.408216
1756090856300000000,113231.89,113451.02,0.11787,0.00033,113341.455,219.13,113450.408216
1756090856350000000,113231.89,113451.02,0.11787,0.00033,113341.455,219.13,113450.408216
1756090856400000000,113231.88,113451.02,0.04,0.00033,113341.45,219.14,113449.226888
1756090856450000000,113231.88,113451.02,0.04,0.00033,113341.45,219.14,113449.226888
1756090856500000000,113231.89,113451.02,0.11787,0.00033,113341.455,219.13,113450.408216
1756090856550000000,113231.89,113451.02,0.11787,0.00033,113341.455,219.13,113450.408216
1756090856600000000,113231.89,113451.02,0.11787,0.00033,113341.455,219.13,113450.408216
1756090856650000000,113231.89,113451.02,0.11787,0.00033,113341.455,219.13,113450.408216
1756090856700000000,113231.89,113451.02,0.11787,0.00033,113341.455,219.13,113450.408216
1756090856750000000,113231.89,113451.02,0.11787,0.00033,113341.455,219.13,113450.408216
1756090856800000000,113231.89,113451.02,0.11787,0.00033,113341.455,219.13,113450.408216
1756090856850000000,113231.89,113451.02,0.11787,0.00033,113341.455,219.13,113450.408216
1756090856900000000,113231.89,113451.02,0.11787,0.00033,113341.455,219.13,113450.408216
1756090856950000000,113231.89,113451.02,0.11787,0.00033,113341.455,219.13,113450.408216
1756090857000000000,113231.89,113451.01,0.11787,0.09721,113341.45,219.12,113351.974036
1756090857050000000,113231.89,113451.01,0.11787,0.09721,113341.45,219.12,113351.974036
1756090857100000000,113231.89,113451.01,0.11787,0.09721,113341.45,219.12,113351.974036
1756090857150000000,113231.89,113451.01,0.11787,0.09721,113341.45,219.12,113351.974036
1756090857200000000,113231.89,113451,0.11787,0.00033,113341.445,219.11,113450.388272
1756090857250000000,113231.89,113451,0.11787,0.00033,113341.445,219.11,113450.388272
1756090857300000000,113231.89,113451,0.11787,0.00033,113341.445,219.11,113450.388272
1756090857350000000,113231.89,113451,0.11787,0.00033,113341.445,219.11,113450.388272
1756090857400000000,113231.89,113451,0.11787,0.00033,113341.445,219.11,113450.388272
1756090857450000000,113231.89,113451,0.11787,0.00033,113341.445,219.11,113450.388272
1756090857500000000,113225.29,113451,0.04088,0.00033,113338.145,225.71,113449.192567
1756090857550000000,113225.29,113451,0.04088,0.00033,113338.145,225.71,113449.192567
1756090857600000000,113225.3,113451,0.11787,0.00033,113338.15,225.7,113450.369873
1756090857650000000,113225.3,113451,0.11787,0.00033,113338.15,225.7,113450.369873
1756090857700000000,113225.3,113451,0.11787,0.00033,113338.15,225.7,113450.369873
1756090857750000000,113225.3,113451,0.11787,0.00033,113338.15,225.7,113450.369873
1756090857800000000,113225.3,113451,0.11787,0.00033,113338.15,225.7,113450.369873
1756090857850000000,113225.3,113451,0.11787,0.00033,113338.15,225.7,113450.369873
1756090857900000000,113225.3,113451,0.11787,0.00033,113338.15,225.7,113450.369873
1756090857950000000,113225.3,113451,0.11787,0.00033,113338.15,225.7,113450.369873
1756090858000000000,113225.3,113451,0.11787,0.00033,113338.15,225.7,113450.369873
1756090858050000000,113225.3,113451,0.11787,0.00033,113338.15,225.7,113450.369873
1756090858100000000,113225.3,113451,0.11787,0.00033,113338.15,225.7,113450.369873
